3032 5008
1055 414 1169 472 Sat.
1208 416 1252 486 1,
1290 417 1339 471 9.
1377 434 1428 471 v.
1470 418 1696 472 72—76.
2384 409 2508 472 207

362 588 753 669 Multornm3
795 588 1111 670 ignosces,
1156 589 1315 655 alias
1357 588 1604 671 loquar.
1689 589 2022 657 Hunccine
2068 588 2271 655 solem

364 699 525 765 Tam
568 700 822 781 nigrum
866 717 1133 766 surrexe
1177 700 1364 766 mihil
1451 700 1651 784 Fugit
1692 700 2022 783 improbus
2068 719 2145 767 ac
2189 718 2292 766 me

367 810 504 878 Sub
548 810 758 878 cultro
800 810 1049 892 linquit.
1138 808 1309 877 Casu
1352 811 1532 877 venit
1576 811 1804 878 obvius
1847 810 1944 876 illi

270 951 287 967 ·
362 921 790 988 Adversarius
836 926 922 1004 et,
967 921 1108 1002 Quo
1155 926 1245 1004 tu,
1290 922 1707 1004 turpissime?
1750 942 1985 1006 magna
2428 931 2505 988 75

366 1032 684 1102 Inclamat
724 1050 902 1115 voce,
947 1037 1033 1115 et,
1074 1034 1260 1100 Licet
1301 1034 1666 1101 antestari?
1753 1035 1893 1118 Ege
1937 1053 2092 1102 vero

228 1252 421 1307 auidae
462 1251 548 1307 vel
592 1251 1008 1319 meretitioeue
1051 1255 1105 1306 et
1143 1251 1248 1307 hac
1293 1251 1360 1306 de
1401 1266 1577 1307 cauea
1620 1254 1736 1308 colo
1781 1268 1965 1309 omnes
2009 1252 2328 1325 reliyionee,
2378 1254 2514 1324 qaia

228 1342 472 1396 nimiam
504 1339 826 1409 reliqionem
858 1340 1158 1407 infirmitas
1185 1339 1328 1407 facit
1361 1345 1416 1394 et
1443 1345 1633 1396 metue.
1657 1373 1725 1386 --
1761 1358 1911 1397 unus
1944 1344 2256 1411 multorum,
2294 1336 2370 1403 εἷς
2403 1344 2514 1398 ταῖν

230 1429 486 1496 κολλῶν,
535 1426 633 1481 der
679 1425 829 1482 nicht
874 1442 1119 1498 νει-ωας,
1168 1427 1286 1484 sich
1319 1430 1457 1485 uber
1492 1429 1579 1484 die
1617 1429 1984 1500 gewohnliche
2018 1430 2405 1501 Denknngsart
2443 1446 2514 1484 zu

229 1516 491 1571 erheben.
518 1547 587 1558 —
624 1532 672 1569 v.
701 1519 783 1570 72.
824 1516 1114 1571 Hunccine
1136 1518 1314 1572 solem.
1353 1516 1527 1573 Dese
1554 1517 1794 1573 dieser
1818 1518 1959 1589 Tag
1980 1518 2101 1574 mir
2124 1535 2193 1575 so
2219 1518 2510 1574 schwarz

229 1602 565 1674 ausgehen
600 1606 879 1659 musste!
938 1604 1132 1660 Nichts
1170 1603 1245 1660 ist
1281 1605 1556 1677 henflger,
1594 1607 1675 1662 als
1713 1607 1864 1662 diese
1903 1607 2160 1663 Structur
2196 1605 2293 1661 des
2329 1621 2509 1661 accus.

227 1693 332 1748 mit
367 1693 495 1747 dem
527 1691 719 1747 infinit.
759 1692 832 1746 im
867 1690 1070 1762 Affect,
1121 1694 1296 1750 wobei
1330 1710 1455 1749 man
1492 1701 1767 1765 erganzen
1802 1695 1950 1751 kann
1981 1712 2167 1751 nonne
2200 1695 2510 1765 indiqnum,

226 1781 439 1834 mirum
473 1779 594 1836 eet?
627 1797 761 1836 num
794 1781 1053 1838 credibile
1088 1780 1208 1837 eet?
1252 1782 1368 1839 Sat.
1405 1787 1456 1854 2,
1494 1787 1546 1853 8,
1582 1786 1652 1839 67
1690 1785 1833 1839 Tene
1866 1786 2173 1854 torquerier
2207 1785 2362 1840 omni
2391 1784 2510 1840 Sol-

228 1867 523 1924 lucit-idme
559 1867 907 1924 districtum?
959 1869 1079 1941 Vgl.
1122 1871 1234 1926 Sat.
1274 1874 1325 1942 2,
1361 1874 1411 1941 4,
1449 1876 1519 1928 83
1558 1888 1673 1942 sqq.
1748 1872 1928 1942 Epod.
1967 1877 2017 1942 8,
2059 1879 2104 1929 1.
2180 1873 2327 1944 Virg.
2368 1873 2505 1927 Aen.

232 1962 282 2026 1,
324 1959 395 2012 37
433 1957 597 2012 Mene
629 1959 848 2028 incepto
884 1958 1142 2015 desistere
1174 1962 1393 2029 vietam,
1430 1962 1548 2017 Nec
1574 1977 1741 2030 posse
1775 1963 1951 2018 Italia
1987 1963 2320 2018 Teucrorum
2356 1976 2509 2015 aver·

230 2052 348 2102 tere
380 2046 607 2118 reqem?
680 2046 735 2102 S.
776 2047 1031 2104 ebendas.
1070 2051 1153 2104 97.
1229 2050 1447 2105 Terent.
1476 2049 1647 2105 Andr.
1687 2055 1734 2120 1,
1762 2054 1810 2120 5,
1842 2054 1923 2106 10.
1999 2054 2049 2120 3,
2089 2054 2138 2120 5,
2178 2054 2227 2105 3.
2304 2052 2357 2118 4,
2382 2053 2431 2119 2,
2458 2053 2508 2103 6.

228 2137 290 2205 4,
331 2137 392 2204 3,
437 2140 481 2190 1.
557 2137 619 2205 5,
657 2139 719 2206 3,
755 2140 810 2194 8.
880 2138 1058 2194 Plaut.
1096 2137 1292 2194 Bacch.
1338 2141 1390 2207 1,
1428 2141 1486 2206 2,
1527 2140 1610 2192 44.
1687 2137 1898 2207 Captiv.
1939 2141 1996 2208 4,
2036 2142 2096 2208 2,
2134 2142 2182 2194 3.
2258 2137 2417 2192 Anch
2451 2136 2509 2190 in

228 2224 424 2279 Prona.
502 2221 608 2278 Cic.
646 2224 716 2279 ad
750 2226 867 2281 Att.
908 2228 959 2296 9,
1002 2229 1065 2281 13
1105 2227 1245 2281 Tene
1280 2226 1416 2280 haec
1442 2241 1609 2294 posse
1638 2226 1829 2295 ferre?
1901 2229 1950 2297 5,
1993 2231 2055 2283 11
2093 2227 2249 2282 Hui!
2287 2227 2513 2281 totieene

228 2325 319 2366 me
355 2313 570 2367 litterae
606 2311 818 2368 dedisse
853 2314 1107 2382 Romam,
1145 2330 1267 2369 oum
1302 2314 1380 2370 ad
1414 2319 1464 2369 te
1497 2316 1684 2370 nullae
1719 2313 1954 2370 darem?
2022 2315 2140 2385 Vgl.
2183 2314 2251 2369 de
2287 2313 2509 2369 divinat.

229 2404 418 2467 2,13.
490 2417 593 2471 pro
628 2401 790 2458 Rosc.
827 2402 946 2456 Am.
988 2405 1070 2457 23.
1146 2402 1334 2458 Livius
1372 2406 1433 2472 3,
1471 2405 1541 2458 67
1583 2402 1699 2458 init.
1774 2403 1968 2459 Iustin.
2017 2404 2182 2474 2,14
2227 2401 2341 2457 und
2386 2400 2511 2456 ἀοι-ι

229 2487 432 2543 Graev.
505 2489 663 2545 Auch
705 2489 780 2545 im
814 2489 1201 2547 Griechischen
1247 2490 1322 2548 ist
1367 2473 1459 2547 bei
1504 2491 1603 2547 der
1638 2491 2088 2565 Verwunderung
2124 2490 2309 2549 oder
2292 2508 2367 2547 ιιιι
2400 2489 2511 2547 Un-

231 2578 417 2633 willen
465 2578 617 2633 diese
654 2579 947 2650 Wendung
994 2580 1353 2652 gewbhnlich,
1403 2598 1488 2637 wo
1538 2580 1618 2636 sie
1659 2581 1716 2635 in
1752 2583 1849 2637 der
1885 2582 2057 2653 Regel
2091 2581 2190 2636 mit
2225 2578 2287 2635 τὸ
2323 2581 2386 2636 δὲ
2422 2596 2513 2634 an-

230 2666 410 2736 ssngt.
487 2668 772 2737 Aristoph.
812 2668 952 2724 Nub.
1000 2672 1104 2725 269
1151 2664 1210 2723 τὸ
1265 2669 1330 2725 δὲ
1374 2669 1522 2741 μηδὲ
1569 2674 1745 2740 κυνῆν
1787 2675 2013 2727 οἴκοθεν
2055 2670 2244 2727 ἐλθεῖν
2280 2669 2378 2743 ἐμὲ
2417 2666 2512 2723 τὸν

231 2750 511 2824 δύστηνον
561 2755 775 2825 ἔχοντα.
848 2756 968 2828 Vgl.
1004 2757 1255 2827 Xenoph.
1294 2757 1457 2814 Mem.
1508 2759 1656 2815 Socr.
1695 2763 1757 2827 4,
1805 2763 1855 2815 3.
1905 2759 1953 2829 ξ.
1993 2761 2145 2815 5-9.
2219 2756 2401 2812 Herm.
2440 2772 2512 2811 zu

228 2843 519 2914 Aristoph.
558 2843 700 2899 Nub.
738 2846 857 2901 816.
895 2877 966 2888 —
1002 2847 1240 2916 niqrum.
1313 2848 1455 2903 Vom
1495 2847 1819 2919 Gegentheil
1854 2846 2049 2904 Catuli.
2097 2852 2155 2919 8,
2200 2851 2234 2902 3
2281 2847 2515 2902 Fulsere

228 2931 517 3001 quondam
551 2932 783 2987 candidi
814 2933 916 2988 tibi
948 2935 1102 2989 soles.
1138 2968 1208 2979 —
1249 2951 1490 2991 surrexe.
1568 2936 1622 2991 S.
1661 2954 1732 2992 zu
1775 2940 1820 3007 1,
1859 2940 1909 3006 5,
1949 2939 2032 2991 79.
2068 2969 2137 2980 —
2185 2953 2234 2990 v.
2275 2937 2357 2989 74.
2396 2934 2513 2990 Sub

227 3021 426 3074 cultro.
499 3019 614 3075 Der
658 3019 779 3075 hier
825 3021 1168 3092 verglichene
1214 3024 1696 3095 sprnchwortliche
1742 3024 2036 3081 Ausdruck
2083 3024 2180 3080 der
2224 3023 2510 3094 Griechen‚

230 3107 328 3161 inl
360 3111 535 3181 ξυροῦ
571 3102 726 3180 εἶναι,
762 3109 855 3164 ἐπὶ
888 3112 1057 3186 ξυροῦ
1093 3109 1271 3186 ἀκμῆς
1304 3116 1515 3183 στῆναι,
1555 3115 1748 3183 ςθὶιὸη
1784 3113 1934 3169 nicht
1970 3112 2203 3169 hierher.
2230 3148 2299 3158 -
2335 3132 2384 3169 v.
2426 3119 2508 3170 75.

233 3198 581 3265 wrpn'eeime,
630 3189 674 3251 ὦ
708 3195 1032 3272 μιαρώτατε.
1080 3232 1149 3245 -
1202 3218 1249 3255 v,
1289 3205 1371 3257 76.
1427 3204 1732 3271 Inclamat,
1778 3204 2025 3259 clamans
2059 3204 2340 3274 increpat,
2388 3219 2510 3259 aus-

231 3282 613 3340 drucksvoller
655 3284 734 3341 als
781 3288 1078 3357 exclamat,
1131 3288 1305 3345 wofnr
1356 3306 1415 3345 es
1458 3291 1637 3346 Bentl.
1675 3307 1776 3346 aus
1818 3290 1986 3347 Codd.
2023 3291 2346 3364 hergestellt
2393 3292 2508 3347 hat.

232 3403 303 3416 --
336 3373 502 3427 Licet
536 3373 851 3429 antestari?
889 3374 1066 3431 Schol.
1105 3378 1228 3432 Acr.
1267 3381 1546 3435 antestari
1578 3381 1615 3434 i.
1652 3396 1695 3434 e.
1734 3385 1861 3435 teste
1893 3382 1980 3435 uti
2013 3383 2087 3449 (te
2121 3386 2302 3436 testem
2331 3382 2518 3449 facere

235 3460 417 3515 Schol.
459 3458 667 3530 Crnq.),
705 3462 856 3531 qnod
888 3463 1088 3519 iudicii
1118 3481 1292 3521 cauea
1325 3470 1446 3523 volo
1482 3485 1709 3523 manum
1741 3471 1983 3524 iniicere.
2037 3471 2189 3525 Nam
2224 3471 2360 3525 haec
2395 3477 2519 3525 erat

236 3548 606 3603 consuetudo.-
661 3550 715 3602 a·
760 3550 886 3620 qun'e
926 3551 1130 3609 vadato
1172 3571 1289 3610 non
1321 3559 1633 3626 paruisset,
1680 3559 1734 3611 ei
1774 3557 2129 3613 adversarius
2171 3561 2407 3627 aliquem
2451 3559 2518 3612 de

221 3636 617 3706 praesentibus
653 3639 1046 3709 antestabatur,
1083 3640 1120 3697 i.
1160 3646 1418 3715 tanqebat
1451 3648 1569 3700 eius
1604 3662 1796 3702 aurem
1830 3652 1883 3701 et
1917 3646 2149 3716 dicebat,
2189 3649 2377 3702 licetne
2411 3663 2511 3702 an-

230 3722 469 3779 testari?
521 3725 575 3778 ei
619 3727 993 3795 respondisset
1034 3729 1152 3799 ille,
1198 3732 1345 3801 licet,
1397 3738 1529 3789 tuane
1568 3734 1856 3790 iniiciebat
1896 3735 2135 3791 vadatus
2180 3751 2405 3790 manum
2449 3737 2513 3789 in

233 3830 373 3886 eum,
412 3815 518 3884 qui
538 3830 653 3868 non
682 3816 984 3885 paruisset,
1022 3822 1073 3873 et
1109 3818 1337 3876 ducebat
1371 3824 1433 3876 in
1470 3822 1738 3878 iudicium
1750 3843 1768 3892 ,-
1807 3825 1968 3880 aliter
2001 3825 2053 3877 ei
2087 3825 2365 3879 iniecisset
2397 3839 2512 3877 ma·

230 3917 394 3969 num,
447 3902 798 3958 iniuriarum
835 3911 1061 3973 poterat
1102 3910 1371 3964 accusari.
1446 3910 1623 3965 Plaut.
1662 3912 1834 3967 Persa
1866 3914 1925 3981 4,
1963 3914 2025 3981 9,
2063 3917 2098 3968 8
2132 3911 2187 3967 8.
2229 3927 2357 3981 aye,
2395 3926 2509 3965 am-

229 3989 361 4046 bula
399 3991 465 4045 in
500 3990 610 4057 2'148,
646 3991 785 4046 leno.
856 3994 935 4048 D.
981 3994 1130 4065 Quid
1163 4014 1247 4052 me
1280 3999 1345 4052 in
1378 4000 1470 4053 ius
1501 3998 1711 4053 vocae?
1780 3999 1835 4054 S.
1882 4002 1986 4055 Illi
2018 4001 2176 4069 apud
2196 4006 2515 4070 praetorem

232 4077 434 4146 dicam,
473 4078 573 4132 sed
604 4095 703 4149 eqo
738 4081 800 4135 in
834 4082 925 4137 ius
961 4099 1108 4138 voco.
1153 4086 1230 4140 D.
1258 4086 1462 4141 Nonne
1496 4086 1841 4142 ante-staria?
1874 4088 1929 4143 S.
1969 4089 2149 4144 ,Tuan'
2185 4106 2285 4161 eqo
2321 4105 2513 4159 eausa,

228 4166 537 4233 carnufex,
594 4166 903 4239 Quoiquam
946 4175 1173 4229 mortali
1213 4176 1385 4231 libero
1421 4191 1590 4230 auree
1626 4175 1898 4245 afferam?
1944 4177 2108 4249 (denn
2138 4180 2323 4247 fureo,
2369 4181 2513 4236 leno·

230 4271 347 4323 nee,
386 4254 703 4325 uberhaupt
726 4259 963 4326 infames
986 4260 1100 4315 und
1134 4262 1471 4318 intestabiles
1507 4263 1691 4319 durfte
1727 4281 1849 4319 man
1888 4266 2031 4320 ohne
2066 4267 2515 4338 vorhergehende

229 4343 554 4412 anastasio,
608 4344 745 4399 oder
790 4346 1111 4403 Aufrufen
1163 4350 1348 4406 eines
1400 4353 1692 4424 Zeugen,
1751 4370 1849 4410 vor
1896 4354 2119 4411 Gericht
2173 4358 2511 4428 schleppen.)
