3032 5008
539 352 662 414 216
1386 360 1501 416 Sat.
1543 361 1587 429 1,
1629 364 1710 417 10.
1750 377 1798 416 v.
1838 363 1990 416 3-8.

669 538 761 605 Ut
802 554 931 600 non
974 535 1096 602 hoc
1138 534 1465 600 fateatur?
1553 533 1641 598 At
1679 533 1868 613 idem,
1913 533 2086 614 quod
2128 532 2264 599 sale
2306 531 2518 598 multo

670 648 916 715 Urbem
962 645 1283 725 defricuit,
1329 644 1557 710 charta
1597 642 1900 709 laudatur
1946 644 2189 710 eadem.

668 757 808 823 Nec
838 761 1055 823 tamen
1083 755 1206 821 hoc
1236 755 1528 821 tribuens
1553 754 1837 820 dederim
1872 772 2124 838 quoque
2156 761 2401 835 cetera;
2429 773 2578 820 nam
2601 753 2700 820 sic
2793 759 2827 813 5

671 869 759 934 Et
802 866 1037 934 Laberi
1081 866 1310 931 mimos
1356 869 1431 931 ut
1473 864 1745 948 pulchra
1788 871 2090 949 poemata
2132 867 2349 932 mirer.

674 979 850 1060 Ergo
896 995 1025 1043 non
1070 976 1229 1042 satis
1273 982 1376 1043 est
1416 977 1553 1042 risu
1596 976 1900 1044 diducere
1942 977 2179 1043 rictum

667 1089 1017 1170 AuditoriS,
1060 1121 1148 1133 —
1191 1093 1262 1154 et
1303 1093 1404 1155 est
1446 1088 1758 1169 quaedam
1803 1092 2020 1155 tamen
2062 1087 2167 1154 hic
2206 1105 2462 1171 quoque
2492 1086 2710 1153 virtus
2739 1119 2825 1131 —

540 1294 746 1350 daher
792 1292 1038 1350 lausen.
1112 1292 1263 1347 Mein
1300 1292 1473 1347 Tadel
1509 1292 1606 1347 hat
1645 1290 1787 1347 dbch
1821 1308 1952 1362 nur,
1999 1292 2177 1348 meine
2212 1292 2330 1360 ich,
2379 1292 2483 1347 das
2519 1290 2826 1346 Metrische

542 1379 825 1453 getroffen.
864 1378 1003 1434 Eine
1020 1381 1307 1450 particula
1342 1381 1699 1448 concedentts,
1739 1380 1912 1436 woffir
1948 1381 2047 1438 das
2075 1380 2255 1437 Schol.
2282 1379 2440 1449 Cruq.
2479 1379 2601 1434 hier
2636 1395 2829 1449 nempe

541 1471 766 1538 erklart,
804 1469 878 1523 ist
916 1484 976 1523 es
1015 1467 1197 1523 weder
1231 1467 1351 1522 hier
1386 1469 1527 1524 noch
1564 1468 1756 1538 irgend
1792 1486 1891 1524 wo.
1931 1468 2214 1539 Richtiger
2240 1467 2419 1524 Schol.
2448 1467 2574 1522 Acr.
2615 1468 2828 1538 Nempe

538 1564 641 1614 aut
673 1558 1054 1625 confirmantis
1087 1562 1189 1610 aut
1210 1557 1609 1626 interrogantis
1644 1556 1943 1625 [ironisch‚
1969 1557 2109 1614 nach
2132 1557 2272 1611 Einl.
2297 1556 2351 1610 S.
2373 1557 2537 1623 2131.
2579 1588 2648 1599 —
2687 1556 2826 1611 dimo:

544 1646 659 1701 Sat.
702 1650 749 1714 1,
789 1649 839 1713 4,
876 1649 911 1700 8
948 1644 1123 1699 durus
1159 1660 1481 1714 componere
1515 1661 1720 1699 versus.
1756 1678 1826 1688 —
1865 1643 2006 1716 pede
2042 1645 2162 1701 hier
2197 1646 2347 1700 nicht
2385 1646 2457 1699 im
2493 1643 2826 1699 metrischen

545 1733 727 1801 Sinne,
770 1733 1009 1788 sondern
1043 1733 1290 1804 hildlich,
1328 1735 1691 1804 incomposito
1724 1733 1863 1802 pede
1898 1749 2136 1788 currere.
2209 1734 2444 1801 [Vielm.
2481 1732 2692 1802 beiden,
2729 1732 2826 1788 mit

544 1821 815 1890 launigem
853 1820 1225 1890 Doppelsinn3
1273 1823 1377 1892 vgl.
1417 1839 1488 1877 zu
1526 1840 1574 1877 v.
1613 1823 1745 1888 43.]
1781 1856 1850 1867 —
1898 1838 1945 1876 v.
1985 1825 2034 1877 3.
2072 1823 2184 1878 sale
2220 1823 2403 1876 multo.
2477 1819 2659 1876 Schol.
2701 1823 2824 1875 Act.

540 1910 664 1964 ideo
703 1911 786 1963 ait
818 1926 1043 1964 numero
1078 1912 1383 1980 simulari,
1420 1910 1572 1981 quod
1606 1912 1856 1966 dicturus
1890 1915 2012 1965 erat
2037 1911 2360 1979 perfricuit,
2395 1914 2462 1963 ut
2495 1909 2668 1977 quasi
2703 1924 2824 1963 vere

542 2000 630 2053 sal
657 1999 878 2066 faceret.
952 1999 1103 2053 Nam
1146 2001 1290 2054 sales
1322 2001 1624 2068 pluraliter
1661 1999 1887 2053 dicendi
1920 2004 2071 2066 sunt,
2119 2014 2242 2052 eum
2276 1998 2574 2052 urbanitas
2609 1998 2820 2067 signifi·

539 2093 714 2141 catur.
795 2087 926 2141 Dies
963 2087 1229 2158 bestatigt
1267 2088 1365 2143 der
1403 2087 1888 2160 Sprachgebrauch
1924 2086 2091 2141 nicht.
2149 2084 2255 2141 Cic.
2294 2085 2362 2140 de
2398 2085 2528 2141 Nat.
2566 2084 2731 2140 Deor.
2769 2089 2818 2154 2,

540 2177 608 2229 29
646 2176 739 2230 Ita
774 2176 941 2229 salem
976 2176 1168 2243 istum,
1211 2191 1319 2244 quo
1355 2182 1508 2230 caret
1541 2182 1726 2231 vestra
1760 2175 2218 2246 (Epicureorum)
2253 2175 2438 2242 natio,
2475 2176 2539 2228 iu
2573 2173 2816 2228 irriden-

540 2263 627 2317 dis
662 2263 821 2318 nobis
856 2265 1024 2318 nolite
1058 2278 1386 2319 consumere.
1455 2264 1577 2334 Vgl.
1618 2263 1723 2320 Cic.
1760 2264 1917 2319 Brut.
1957 2266 2041 2318 34.
2116 2262 2184 2318 de
2225 2260 2372 2318 Orat..
2413 2266 2463 2331 2,
2501 2265 2584 2317 23.
2657 2263 2816 2318 Τιιιιο.

541 2355 590 2419 5,
634 2353 727 2420 19,
766 2350 878 2406 und
915 2368 978 2408 so
1016 2351 1097 2407 oft
1132 2351 1190 2406 in
1228 2352 1410 2408 dieser
1445 2353 1775 2423 Bedeutung
1810 2351 1951 2407 auch
1988 2351 2086 2406 der
2123 2349 2389 2419 Singular.
2427 2382 2497 2392 —
2531 2365 2583 2405 v,
2623 2353 2674 2404 4.
2721 2350 2818 2407 Ur·

536 2440 666 2494 bem.
741 2438 855 2494 Sat.
894 2443 943 2509 2,
975 2445 1019 2509 1,
1048 2442 1116 2493 69
1154 2441 1436 2496 Primores
1462 2443 1668 2512 populi
1700 2441 1950 2512 arripuit
1983 2438 2285 2508 (Lucilius)
2313 2439 2686 2511 populumque
2721 2441 2817 2494 tri·

542 2529 729 2582 batim.
767 2562 834 2572 —
871 2529 1069 2583 charta
1104 2529 1307 2584 eadem.
1383 2530 1562 2586 Schol.
1603 2530 1761 2601 Cruq.
1801 2532 1860 2585 in
1897 2529 2081 2609 eodem
2107 2534 2404 2599 poemate„
2439 2531 2493 2597 1,
2531 2530 2595 2597 4,
2634 2531 2692 2598 7,
2736 2545 2818 2583 vo

546 2633 608 2672 er
641 2616 736 2671 ihn
772 2624 942 2671 nennt
969 2618 1199 2687 facetus,
1239 2624 1520 2675 emunctae
1554 2620 1729 2675 naris.
1784 2618 2025 2674 Chartae
2060 2617 2096 2672 f.
2127 2621 2387 2687 poemata
2423 2615 2598 2671 selbst
2633 2616 2688 2670 in
2723 2616 2820 2671 der

546 2704 821 2775 lyrisohen
861 2703 1120 2774 Spraehe,
1158 2704 1255 2759 Od.
1296 2711 1346 2777 4,
1384 2712 1434 2777 8,
1473 2711 1558 2762 21.
1629 2710 1682 2776 4,
1720 2709 1770 2777 9,
1808 2710 1892 2762 31.
1932 2740 2000 2750 -
2037 2722 2084 2761 v.
2123 2707 2173 2761 6.
2211 2704 2425 2761 Laberi
2458 2706 2667 2761 mimos.
2705 2704 2817 2760 Ma-

543 2794 688 2849 crob.
731 2791 847 2847 Sat.
885 2796 942 2862 2,
981 2796 1013 2846 7
1049 2794 1350 2848 Laberium
1395 2811 1628 2865 asperae
1674 2794 1945 2850 ubertatis
1989 2795 2217 2865 equitem
2254 2795 2573 2850 Romanum
2616 2792 2818 2849 Caesar

543 2881 860 2951 quinqenus
883 2881 1122 2935 millibus
1145 2883 1416 2951 invitavit,
1454 2890 1519 2939 ut
1530 2882 1794 2952 prodiret
1825 2884 1888 2937 in
1922 2898 2142 2937 scenam
2176 2889 2228 2936 et
2260 2884 2378 2950 ipse
2414 2884 2603 2952 aqeret
2636 2883 2816 2936 munos

542 2984 681 3038 quos
714 2969 1079 3037 scriptitabat.
1146 2969 1259 3025 Sed
1285 2976 1531 3041 potestas
1565 2988 1682 3026 nou
1715 2973 1907 3040 solum,
1944 2974 1998 3026 si
2029 2973 2236 3040 invitet,
2276 2969 2375 3025 sed
2409 2971 2575 3024 etiam
2607 2971 2662 3024 si
2695 2984 2812 3037 sup·

535 3058 729 3125 plicet,
779 3057 952 3125 coyit3
1000 3057 1145 3111 unde
1179 3075 1236 3112 se
1272 3066 1325 3114 et
1361 3059 1639 3114 Laberius
1674 3076 1713 3112 a
1749 3059 1982 3115 Caesare
2017 3065 2260 3114 coactum
2297 3059 2358 3112 in
2385 3060 2625 3129 proloyo
2661 3063 2810 3112 testa-

541 3149 634 3199 tur
670 3143 759 3198 his
794 3145 1040 3199 versibus
1050 3165 1069 3214 ,·
1108 3146 1252 3200 dann
1290 3145 1427 3215 folgt
1466 3146 1564 3200 der
1588 3147 1790 3217 Prolog
1826 3146 2006 3202 dieses
2030 3146 2317 3216 Laberius,
2356 3163 2467 3200 von
2503 3145 2694 3200 Seiten
2729 3146 2814 3200 der

541 3230 763 3287 Diction
809 3232 922 3286 und
968 3232 1065 3286 der
1111 3233 1357 3288 edelsten
1394 3233 1712 3304 Gesinnung
1757 3234 1906 3291 eines
1949 3234 2045 3290 der
2081 3235 2378 3311 schbusten
2414 3234 2693 3289 Producte
2727 3233 2812 3288 der

538 3318 845 3375 romischen
881 3321 1091 3376 Poesie.
1166 3322 1285 3391 Vgl.
1338 3320 1564 3377 Sueton.
1613 3321 1764 3377 Gaea.
1811 3326 1894 3377 39.
1969 3322 2104 3377 Gell.
2159 3325 2250 3392 16,
2292 3327 2324 3378 7
2370 3322 2468 3377 mit
2514 3322 2702 3377 Valck.
2745 3338 2806 3374 zu

539 3407 767 3462 Theocr.
807 3408 983 3464 Adon.
1022 3427 1076 3479 p.
1116 3413 1219 3464 207
1257 3427 1335 3479 sq.
1411 3409 1515 3464 Cic.
1555 3410 1661 3480 Ep.
1699 3411 1771 3466 ad
1808 3411 1957 3465 Fam.
1999 3414 2082 3479 12,
2124 3414 2204 3466 18.
2279 3410 2475 3465 Dieser
2510 3408 2806 3464 Decimus

539 3495 901 3565 Laberius,
945 3496 1082 3552 kurz
1121 3513 1220 3553 vor
1255 3497 1365 3551 ihm
1401 3494 1493 3551 Cn.
1535 3496 1768 3552 Mattius
1805 3497 1920 3553 und
1955 3498 2052 3553 mit
2088 3498 2195 3552 ihm
2234 3507 2398 3553 unter
2435 3498 2718 3568 Augustus
2750 3496 2805 3549 P.

542 3584 715 3654 Syrus
760 3601 942 3640 waren
991 3585 1078 3640 die
1129 3584 1568 3656 vorzuglichsten
1612 3584 2025 3656 Mimographen
2073 3586 2171 3641 der
2215 3585 2430 3641 Romer.
2515 3586 2668 3642 Nach
2717 3583 2806 3638 der

541 3672 655 3728 Sat.
688 3679 734 3743 1,
762 3677 814 3741 4,
847 3676 918 3728 43
954 3673 1469 3745 au'sgesprochenen
1505 3673 1737 3728 Anaicht
1774 3689 1880 3728 von
1917 3676 2129 3729 wahrer
2167 3674 2357 3729 Poesie
2393 3674 2603 3729 konnte
2636 3673 2802 3728 Hom

541 3761 693 3816 diese
729 3761 960 3831 Mimen,
1011 3762 1132 3816 eine
1176 3761 1431 3815 burleske
1470 3762 1666 3817 Poesie
1721 3761 1796 3833 (S.
1838 3779 1909 3817 zu
1953 3768 2007 3831 l,
2048 3766 2107 3832 2,
2147 3761 2200 3830 2)
2260 3762 2408 3817 nicht
2453 3762 2542 3817 fiir
2575 3761 2804 3833 pulcha

539 3849 674 3904 oder
708 3850 949 3919 perfecti
988 3850 1175 3916 operis
1208 3855 1469 3918 poemata
1513 3850 1803 3905 erkennen.
1851 3882 1920 3892 —-
1967 3868 2014 3904 v.
2055 3856 2101 3905 7.
2150 3850 2410 3904 diducere
2455 3853 2678 3917 rictum

535 3937 842 3992 komischer
876 3936 1198 4006 Ausdruck,
1250 3936 1306 3991 in
1355 3937 1612 3992 auderem
1650 3936 1817 3991 Sinne
1862 3938 1953 3993 bei
1998 3937 2237 3993 Iuvenal.
2251 3942 2376 4009 10,
2414 3942 2522 3994 230
2568 3937 2644 3992 ad
2681 3952 2796 3990 eon·

534 4031 774 4094 spectum
815 4041 1013 4080 coenae
1050 4025 1307 4081 diducere
1341 4027 1541 4081 rictum
1575 4025 1773 4081 Suetus
1808 4027 1928 4081 hiat
1965 4033 2177 4081 tantum
2211 4000 2308 4080 ceu
2333 4028 2527 4096 pullus
2563 4021 2798 4080 hirundi-

533 4113 636 4166 nis.
712 4114 906 4169 Rictus
954 4132 1075 4169 vom
1110 4115 1412 4169 Menschen
1448 4114 1588 4170 auch
1626 4113 1714 4168 bei
1748 4113 2045 4181 Quintilian
2085 4121 2143 4183 1,
2188 4119 2274 4184 11,
2314 4116 2349 4168 9
2385 4114 2499 4169 und
2533 4113 2619 4169 bei
2652 4130 2695 4167 a.
2726 4142 2794 4152 -
2833 4110 2844 4121 ‘

538 4216 586 4253 v.
627 4204 676 4256 8.
715 4201 805 4256 hic
839 4220 1077 4273 quoque,
1117 4205 1283 4259 auch
1319 4202 1564 4272 hierin,
1601 4201 1656 4256 in
1694 4202 1901 4258 diesem
1948 4202 2506 4272 Niedrigkomischen.
2577 4198 2793 4269 [Vielm.

535 4290 705 4344 auch
741 4289 805 4343 in
844 4291 955 4346 der
993 4290 1245 4361 Satire,
1282 4290 1382 4347 wie
1417 4290 1475 4345 in
1511 4288 1619 4346 den
1653 4288 2199 4359 niedrig-komischen
2235 4292 2447 4359 mimis3
2501 4306 2603 4346 nur
2644 4288 2708 4344 ist
2739 4285 2796 4341 in
