3032 5008
1027 411 1140 470 sat.
1177 414 1223 484 1,
1258 416 1308 469 c.
1348 431 1396 469 v.
1435 416 1659 471 87—93.
2356 403 2467 470 161

328 581 659 650 Mercedes
689 601 1024 666 sequetem
1066 603 1280 667 neque
1308 604 1428 670 ego
1461 605 1668 653 essem
1698 590 1982 670 questus.
2028 588 2117 655 At
2143 587 2264 655 hoc
2297 608 2469 657 nunc

331 691 502 759 Laus
542 692 636 759 illi
679 695 952 761 debetur
994 701 1062 761 et
1104 715 1144 762 a
1186 715 1289 763 me
1335 698 1549 781 gratia
1589 700 1811 765 maior.

283 831 292 841 ·
325 801 434 867 Nil
475 822 578 869 me
622 806 954 886 poeniteat
996 825 1218 873 sanum
1261 809 1470 889 patris
1510 810 1720 892 huius,
1769 828 1973 892 eoque

324 912 489 996 Non,
533 921 608 980 ut
649 935 883 998 magna
927 917 1071 982 dolo
1115 917 1355 985 factum
1398 925 1596 1003 negat
1640 940 1784 988 esse
1829 940 1944 987 suo
1989 940 2159 1003 pars,
2388 927 2468 984 90

327 1023 515 1101 Quod
558 1044 686 1091 non
729 1027 1044 1109 ingenuos
1086 1028 1324 1094 habeat
1368 1030 1704 1111 clarosque
1747 1036 2070 1113 parentes,

323 1133 430 1201 Sic
472 1154 576 1201 me
621 1136 977 1206 defendam.
1064 1138 1284 1222 Longe
1326 1159 1471 1206 mea
1515 1141 1844 1224 discrepat
1884 1143 2027 1209 istis

329 1245 423 1311 Et
463 1265 579 1313 vox
626 1253 695 1315 et
734 1250 918 1316 ratic.
1005 1249 1171 1316 Nam
1215 1251 1268 1315 si
1316 1257 1550 1318 natura
1591 1252 1846 1320 iuberet

210 1426 259 1478 in
293 1426 399 1482 den
438 1427 718 1500 Comitien,
757 1432 847 1487 bei
883 1431 1229 1488 offentlichen
1257 1430 1492 1503 Spielen‚
1533 1433 1842 1489 Auctionen
1865 1451 1918 1489 u.
1950 1450 1993 1490 s.
2020 1452 2083 1490 w.
2149 1435 2240 1492 Sie
2265 1453 2467 1508 waren,

205 1515 294 1569 wie
329 1516 422 1571 die
456 1519 695 1588 scribae,
738 1518 796 1573 in
840 1520 1111 1575 Decurien
1158 1520 1411 1591 getheilt,
1457 1537 1672 1576 woraus
1710 1521 1897 1592 jedem
1945 1526 2304 1594 mayiecratue
2343 1528 2467 1582 eine

205 1602 410 1659 Anzahl
445 1624 571 1661 zum
605 1606 802 1663 Dienst
839 1608 1082 1678 gegeben
1123 1608 1330 1677 wurde3
1376 1609 1476 1664 wie
1526 1609 1613 1664 die
1657 1611 1901 1679 scribae,
1948 1616 2305 1682 mercenarii,
2354 1615 2467 1670 und

203 1691 332 1746 noch
387 1694 628 1764 weniger
680 1696 950 1765 geachtet.
1009 1730 1076 1739 —-
1131 1703 1369 1753 coactor.
1445 1697 1623 1752 Schol.
1682 1700 1806 1753 Acr.
1863 1715 1914 1754 u.
1973 1698 2132 1770 Cruq.
2192 1708 2469 1758 coactores

202 1784 523 1836 mercenarii
554 1799 742 1837 eorum
777 1786 876 1853 qui
909 1785 1184 1840 habebant
1216 1787 1610 1856 arqentam'am.
1645 1819 1713 1828 —
1747 1785 2036 1842 Coactoree
2071 1791 2235 1844 etiam
2256 1790 2463 1846 dicum

203 1870 284 1921 tur
316 1873 638 1939 argentarii
670 1873 734 1926 in
771 1874 1147 1941 auctionibuS‚
1195 1875 1328 1942 quia
1364 1876 1637 1941 pectmiae
1681 1881 1907 1944 coyant‚
1949 1877 2048 1944 qui
2078 1881 2133 1929 ct
2166 1880 2468 1934 conectam·

201 1958 567 2014 nominantur.
623 1994 691 2004 —
746 1961 977 2017 Goacwr
1020 1963 1119 2030 qm·
1159 1962 1330 2031 exiyit
1372 1978 1623 2017 nummos
1664 1979 1702 2016 a
1747 1966 2218 2031 cercumforanei&
2309 1965 2462 2022 Ohne

202 2042 412 2101 Zweifel
459 2046 547 2101 ein
593 2049 937 2119 allgemeiner
981 2052 1150 2105 Name
1196 2066 1304 2105 von
1347 2049 1593 2120 Leuten‚
1649 2050 1851 2105 welche
1895 2050 2098 2106 Gelder
2141 2053 2457 2110 eintrieben.

201 2131 341 2188 Naeh
381 2133 534 2191 Suet.
575 2137 668 2192 vit.
706 2137 897 2194 Horat.
937 2135 1055 2194 init.
1095 2155 1206 2193 war
1228 2138 1512 2194 Horazens
1540 2140 1713 2193 Vater
1738 2138 1825 2193 ein
1849 2142 2197 2194 exactionum
2222 2147 2461 2211 coactor,

203 2217 246 2273 <L
281 2221 330 2276 h.
372 2223 474 2278 wie
512 2240 571 2280 es
607 2226 836 2281 Lambin
873 2227 1041 2282 sehon
1076 2226 1351 2296 verstand‚
1391 2226 1556 2296 einer,
1597 2226 1693 2281 der
1718 2225 1840 2281 dem
1868 2228 2206 2296 publicanae
2229 2229 2458 2298 gewisse

199 2312 479 2381 veetiqalia
527 2314 867 2384 einkassirte.
943 2314 1061 2385 Vgl.
1113 2315 1314 2370 Pollios
1362 2314 1451 2368 Br.
1500 2314 1557 2367 in
1609 2312 1713 2369 Cic.
1762 2316 1865 2385 Ep.
1916 2315 1988 2370 ad
2030 2317 2181 2371 Fam.
2235 2320 2325 2386 10,
2373 2321 2457 2372 32.

202 2395 316 2453 Tac.
355 2401 499 2458 Hist.
545 2406 590 2470 1,
628 2406 711 2457 20.
753 2437 820 2446 --
858 2420 906 2457 v.
946 2407 1028 2458 87.
1060 2419 1275 2472 parvas
1310 2404 1598 2472 mercedes,
1628 2419 1870 2473 parvam
1905 2420 2105 2472 operae
2138 2420 2287 2459 meae
2322 2421 2459 2460 mer·

199 2488 379 2543 cedem.
452 2489 633 2560 Epist.
679 2496 732 2561 1,
772 2496 827 2563 7,
866 2494 933 2548 56
971 2509 1335 2562 praeconem,
1384 2493 1540 2547 tenui
1583 2507 1749 2547 cenea
1795 2496 1886 2547 etc.
1925 2525 1992 2535 --
2030 2498 2263 2562 queem.
2336 2491 2460 2549 wie

198 2574 394 2632 konnte
428 2578 643 2635 Gesner
678 2579 776 2635 das
814 2587 1097 2650 oequestue
1139 2579 1196 2633 in
1242 2580 1410 2634 Einer
1453 2578 1557 2634 Ed.
1605 2580 2079 2635 beachtenswerth
2125 2578 2347 2635 finden?
2394 2613 2460 2624 —-

199 2665 271 2717 At
302 2666 402 2721 hoe
435 2684 602 2723 nane.
655 2667 795 2724 Eine
831 2668 1117 2724 unsichere
1142 2669 1356 2723 Lesart.
1412 2667 1516 2721 Die
1538 2667 1672 2722 Mes.
1712 2668 1886 2737 geben
1923 2668 2001 2721 ad
2033 2668 2152 2736 hoc,
2192 2668 2271 2722 ad
2303 2669 2457 2737 haec,

200 2757 254 2805 at
284 2753 402 2822 hoe,
440 2755 507 2809 ob
543 2757 661 2811 hoc.
734 2755 911 2810 Bentl.
960 2756 1038 2810 ad
1071 2756 1235 2824 haec,
1284 2756 1456 2812 wobei
1498 2772 1559 2811 er
1600 2754 1899 2825 vergleicht
1944 2754 2123 2824 Epod.
2160 2756 2217 2823 9,
2262 2760 2326 2811 17
2364 2755 2462 2812 Aa

199 2838 294 2893 hoc
321 2843 609 2909 frementes
642 2850 920 2899 verterunt
955 2845 1038 2899 bie
1076 2846 1229 2900 ,mille
1271 2859 1435 2913 equos
1480 2844 1635 2899 Gala·
1675 2849 1928 2898 canentes
1974 2842 2290 2911 Gaesarem,
2345 2842 2463 2899 und

199 2925 368 2997 Epist.
412 2935 463 2999 1,
509 2934 596 3001 19,
643 2934 713 2987 45
760 2932 838 2986 ad
871 2932 1005 2986 haec
1040 2948 1139 3003 eqo
1173 2932 1410 2986 nart‘bue
1442 2931 1531 2985 uti
1556 2929 1815 2998 formido.
1895 2929 1958 2984 In
2004 2929 2200 2985 beiden
2250 2929 2460 2986 Stellen

207 3013 278 3070 ist
310 3017 387 3070 ad
419 3017 524 3073 hoc
561 3019 673 3074 und
709 3021 787 3074 ad
822 3021 954 3075 haec
987 3021 1137 3076 nicht
1175 3017 1664 3089 gleichbedeutend
1696 3017 1796 3072 mit
1834 3017 1902 3073 ob
1943 3018 2071 3084 hoc,
2126 3017 2241 3073 und
2288 3018 2460 3074 selbst

198 3101 266 3156 im
300 3103 708 3177 Griechischen,
764 3124 848 3163 wo
896 3106 1033 3182 πρὸς
1068 3112 1236 3162 ταῦτα
1273 3123 1334 3162 so
1377 3105 1483 3175 oft,
1533 3104 1835 3160 besonders
1869 3106 1961 3161 bei
1998 3105 2103 3160 den
2139 3105 2457 3177 Tragikern,

192 3193 420 3260 proinde
453 3194 719 3251 bedentet
757 3196 833 3267 (S.
871 3197 1127 3252 Valcken.
1166 3213 1237 3251 zu
1273 3194 1464 3263 Eurip.
1504 3194 1704 3248 Phoen.
1747 3192 1871 3260 524)
1905 3193 2114 3248 konnte
2149 3193 2271 3249 hier
2305 3194 2457 3251 nicht

198 3291 379 3353 gesagt
429 3283 672 3355 werden,
728 3285 865 3357 πρὸς
918 3290 1085 3339 ταῦτα
1136 3285 1337 3359 μείζων
1388 3281 1537 3352 αὐτῷ
1589 3282 1814 3341 ἔπαινος
1861 3278 2158 3349 ὀφείλεται.
2234 3283 2316 3337 At
2356 3282 2459 3337 hoc

200 3370 401 3426 scheint
436 3372 711 3428 lebhafter
747 3373 827 3429 als
866 3374 933 3428 ob
969 3373 1085 3428 hoc.
1124 3406 1194 3415 —-
1230 3389 1278 3425 v.
1318 3375 1402 3427 88.
1441 3375 1494 3424 et
1528 3386 1565 3423 a
1599 3385 1681 3423 me
1716 3367 1751 3422 f.
1780 3385 1817 3422 a
1841 3385 1923 3422 me
1946 3373 2012 3436 et,
2054 3370 2173 3425 eine
2203 3368 2455 3439 Stellung

198 3458 292 3513 vie
327 3477 372 3514 v.
410 3464 491 3517 65.
549 3495 618 3505 —
674 3479 721 3516 v.
760 3464 844 3518 89.
893 3462 997 3518 Nil
1037 3478 1119 3515 me
1154 3461 1440 3529 poeniteat
1482 3473 1695 3513 samem.
1744 3458 1782 3509 i.
1820 3456 2087 3525 quamdiu
2122 3473 2296 3512 sanus
2330 3458 2452 3526 eim,

195 3563 468 3617 nunquam
493 3565 704 3618 parum
738 3550 878 3604 mihi
914 3549 1101 3605 beatus
1123 3547 1333 3615 videar,
1361 3546 1510 3617 quod
1533 3546 1636 3600 tali
1656 3550 1822 3599 natue
1847 3546 1953 3598 sim
1968 3550 2149 3613 patre.
2206 3547 2455 3600 Paenitet

195 3633 330 3706 hier,
367 3638 464 3693 wie
502 3636 608 3709 oft,
654 3637 806 3692 nicht
845 3653 951 3692 von
989 3636 1166 3705 Reue,
1215 3636 1455 3691 sondern
1498 3652 1608 3691 von
1642 3633 2262 3690 Unzufriedenheit
2297 3633 2454 3688 uber-

194 3722 376 3794 haupt.
451 3726 506 3781 S.
550 3725 842 3782 Forcellini
877 3726 1038 3794 Lex„
1076 3724 1302 3780 Lambin
1338 3724 1458 3779 hier
1493 3724 1608 3779 und
1650 3723 1911 3793 Heusing.
1963 3740 2033 3777 zu
2084 3720 2190 3776 Cic.
2237 3720 2305 3776 de
2350 3718 2448 3774 Off.

201 3816 247 3879 l,
285 3818 326 3867 1.
381 3812 570 3881 [Oder
605 3815 776 3885 hangt
803 3816 991 3884 patris
1026 3830 1133 3868 von
1167 3815 1267 3883 nil,
1307 3813 1456 3868 nicht
1492 3827 1600 3867 von
1626 3813 1877 3881 poenitet
1909 3811 2019 3866 ab?
2066 3809 2277 3865 Keine
2317 3807 2453 3863 ein-

196 3899 334 3969 zige
367 3902 719 3973 Handlung
763 3901 1019 3958 meines
1063 3902 1308 3956 Vetere
1353 3901 1505 3956 thut
1552 3900 1670 3954 mir
1712 3899 1865 3954 leid.
1957 3898 2135 3953 Plaut.
2186 3895 2352 3952 Stich.
2404 3900 2450 3964 1,

199 3989 245 4055 1,
279 3992 342 4044 50
373 3991 454 4045 Ee
486 4007 568 4045 me
603 3991 822 4060 quidem
857 3991 992 4045 haec
1027 3989 1271 4045 conditio
1316 4004 1466 4043 nunc
1507 4005 1635 4044 non.
1660 3986 1964 4056 poenitet]
2002 4018 2070 4028 —-
2106 4001 2155 4039 v.
2194 3986 2277 4038 90.
2327 3981 2452 4038 dolo

191 4089 300 4132 suo.
353 4078 527 4134 Schol.
565 4080 700 4134 vitio
737 4096 842 4135 cuo
876 4085 928 4133 et
961 4079 1142 4148 culpa,
1180 4078 1280 4133 wie
1316 4076 1477 4133 dolus
1513 4076 1549 4132 f.
1577 4078 1742 4145 culpa
1777 4075 2087 4142 uberhaupt
2122 4072 2194 4126 im
2220 4071 2453 4142 gel-icht-

190 4163 356 4222 lichen
387 4166 601 4223 Latein.
660 4166 715 4222 S.
756 4167 999 4223 Brisson.
1040 4166 1109 4221 de
1143 4166 1349 4237 verbor.
1393 4181 1533 4235 quae
1571 4165 1641 4220 ad
1676 4164 1762 4220 ius
1800 4170 1940 4232 pert.
1981 4159 2272 4231 Significat.
2317 4159 2371 4215 h.
2398 4176 2448 4214 v.

193 4281 258 4291 —
301 4270 348 4309 v.
397 4257 480 4309 92.
534 4256 686 4323 istie,
727 4257 809 4310 sic
853 4270 909 4310 ee
961 4253 1385 4324 defendentibus.
1440 4287 1509 4295 —
1564 4269 1615 4308 v.
1654 4254 1736 4307 93.
1794 4251 1944 4306 Nam
1989 4251 2042 4304 εἰ
2084 4255 2291 4304 natura
2334 4248 2448 4303 iub.

197 4335 360 4396 Schol.
413 4341 570 4413 Cruq.
616 4360 715 4414 eqo
753 4358 866 4399 non
901 4348 1113 4400 tantum
1149 4359 1263 4398 nort
1299 4342 1509 4411 dicam,
1554 4342 1657 4396 hoc
1691 4356 1877 4395 verum
1922 4356 2059 4408 cese,
2115 4339 2213 4395 ced
2255 4345 2449 4395 contra

302 4444 405 4487 nor.
433 4447 522 4488 aaz.
1938 4438 2010 4498 11
