3032 5008
1007 439 1119 516 sat.
1158 461 1229 531 Π,
1271 465 1319 516 3.
1357 477 1405 515 v.
1446 464 1738 517 224—229.
2388 453 2511 515 325

370 636 578 716 Nunc,
622 653 761 717 age,
807 635 1123 702 luxuriam
1170 640 1236 701 et
1278 636 1747 702 Nomentanum
1793 636 2009 716 arripe
2053 653 2322 702 mecum.

371 747 604 812 Vincet
646 747 811 812 enim
858 747 1092 813 stultos
1135 747 1303 813 ratio
1346 747 1631 813 insanire
1672 752 1960 828 nepotes.
2384 750 2506 808 225

371 857 493 923 Hic
538 858 726 923 simul
770 858 1022 940 accepit
1061 858 1404 940 patrimoni
1447 859 1621 924 mille
1666 858 1927 940 talenta,

372 969 603 1049 Edicit,
648 968 930 1050 piscator
974 969 1090 1049 uti,
1134 970 1480 1050 pomarius,
1527 987 1783 1051 aucepS,

370 1080 853 1162 Unguentarius
896 1098 970 1146 ac
1014 1080 1207 1146 Tusci
1250 1080 1445 1146 turba
1487 1080 1687 1161 impia
1730 1081 1870 1161 vici,

374 1189 536 1257 Cum
580 1190 818 1256 scurris
860 1189 1083 1271 fartor,
1130 1209 1273 1256 cum
1317 1190 1599 1257 Velabro
1645 1208 1834 1288 omn-e
1878 1189 2217 1257 Macellum

240 1395 471 1452 brachte
507 1394 601 1449 ihn
638 1411 708 1450 zu
745 1392 853 1449 der‘
877 1394 1178 1450 namlichen
1214 1393 1464 1464 Raserei,
1504 1411 1576 1449 zu
1614 1394 1846 1449 welcher
1870 1393 2097 1471 Bellona
2131 1394 2248 1449 ihre
2273 1394 2518 1450 Priester

244 1484 439 1552 treibt,
479 1481 712 1538 namlich
749 1483 846 1538 das
886 1483 943 1538 ei
957 1498 1125 1554 gene
1162 1483 1317 1537 Blut
1354 1482 1472 1554 (das
1510 1483 1690 1537 seiner
1726 1480 1985 1547 Tochter)
2030 1498 2100 1536 zu
2139 1482 2393 1553 opsern]
2441 1516 2509 1527 --

243 1590 290 1627 v.
330 1574 452 1626 224.
498 1571 920 1626 Nomentanum.
997 1571 1049 1625 S.
1084 1585 1168 1626 'zu
1218 1575 1274 1638 1,
1317 1576 1375 1639 1,
1420 1573 1532 1625 102.
1584 1603 1652 1614 —
1698 1571 1901 1638 arripe.
1975 1570 2094 1639 Vgl.
2134 1574 2191 1640 2,
2235 1575 2289 1638 1,
2328 1572 2411 1624 69.
2450 1605 2519 1614 -

245 1676 293 1715 v.
334 1662 455 1714 225.
511 1660 697 1713 Vincet
728 1661 874 1713 enim
911 1701 923 1714 .
962 1699 976 1713 .
1010 1661 1158 1714 ratio
1195 1658 1229 1712 f.
1268 1659 1474 1713 evincet
1508 1657 1575 1728 (v.
1616 1656 1756 1727 250),
1794 1657 1894 1713 wie
1930 1657 2034 1713 Cic.
2063 1674 2164 1728 pro
2192 1656 2402 1712 Cluent.
2429 1660 2519 1726 44,

241 1749 400 1803 vince
439 1743 661 1814 deiude,
701 1746 901 1801 bouum
936 1749 1115 1803 virum
1146 1747 1321 1816 fursee
1359 1730 1760 1816 Oppianicum,
1799 1748 1912 1802 und
1949 1746 2044 1802 ost.
2093 1779 2161 1789 —-
2204 1748 2396 1801 stultos
2430 1749 2517 1801 in-

244 1836 467 1902 sanire,
507 1833 660 1890 dass
700 1834 798 1890 sie
836 1835 933 1891 als
972 1836 1266 1903 Theren,
1315 1836 1494 1903 smalti,
1544 1836 1711 1890 auch
1746 1835 2268 1904 Wahnsinnige,
2305 1836 2515 1903 insani,

245 1922 415 1979 sind.
471 1956 539 1966 —
593 1939 640 1976 v.
682 1927 800 1978 226.
848 1926 1068 1979 talenta.
1142 1924 1452 1992 Talentum,
1503 1920 1802 1989 τάλαντον,
1841 1923 1960 1978 eine
1998 1923 2369 1992 Geldsumme,
2408 1931 2523 1978 ent-

192 2039 199 2044 ·
243 2010 478 2066 haltend
514 2013 583 2064 60
618 2011 815 2080 ntiuas,
852 2012 1192 2085 faras-,nach
1230 2027 1447 2066 unserm
1482 2011 1655 2067 Gelde
1692 2019 1834 2066 etwa
1874 2016 2007 2067 1400
2034 2013 2180 2067 Thlr.
2219 2045 2288 2053 —
2325 2009 2521 2066 v.'227.

245 2099 455 2155 Edicit.
532 2098 708 2154 Schol.
748 2098 906 2168 Cruq.
943 2099 1175 2154 mandat
1208 2116 1329 2153 eum
1362 2102 1652 2170 qravitate.
1705 2099 1794 2154 Er
1827 2101 2048 2154 macht
2087 2100 2297 2155 durch
2336 2100 2523 2155 einen

247 2189 381 2243 Ans
396 2187 594 2256 chlag
626 2187 945 2242 bekannt.
985 2221 1053 2231 —
1081 2190 1391 2256 pomarius.
1465 2189 1716 2244 Torrent.
1755 2188 1849 2243 Sic
1885 2190 2122 2256 vinarii,
2161 2189 2383 2256 olearii,
2422 2189 2524 2243 ali-

246 2277 424 2344 carii,
463 2276 840 2345 cupedinarii‚
877 2278 1095 2345 cetarii,
1142 2277 1439 2346 lupinarii,
1477 2277 1741 2344 cascar-ii,
1779 2278 2021 2344 arcarii,
2061 2277 2353 2343 lecticarii,
2391 2278 2522 2330 cali-

243 2366 420 2436 ραν-ἥ,
458 2364 778 2434 crepidarii,
817 2366 1083 2420 calcearii
1114 2371 1166 2422 et
1198 2364 1262 2419 id
1289 2381 1466 2434 yenus
1504 2366 1683 2433 ceteri,
1721 2366 1821 2434 qui
1853 2381 1949 2420 eas
1984 2381 2074 2421 res
2102 2369 2207 2418 aut
2229 2364 2529 2430 conficiunt

247 2458 353 2509 aut
387 2452 646 2520 vendunt,
684 2469 918 2523 quorum
955 2454 1167 2510 Romae
1200 2456 1456 2510 instituta
1491 2454 1749 2525 colleyia,
1788 2455 2024 2509 maxime
2060 2453 2161 2508 sub
2198 2451 2525 2508 Alexandro

248 2542 449 2599 Severo
478 2542 745 2611 principe.
796 2575 864 2585 -
908 2558 955 2595 v.
1005 2546 1123 2599 228.
1175 2544 1340 2598 Tusci
1382 2543 1504 2598 vici.
1582 2542 1758 2596 Schol.
1805 2542 1963 2611 Cruq.
2013 2542 2179 2596 Tusci
2220 2540 2526 2609 aliquando

249 2631 321 2685 ab
358 2631 617 2685 Anicim’s
653 2630 812 2698 pulsi
854 2632 1122 2687 contulere
1164 2647 1222 2686 se
1262 2633 1496 2687 Romam
1542 2637 1596 2685 et
1637 2633 1841 2699 vicum,
1881 2632 1997 2700 'qui
2039 2628 2198 2684 modo
2252 2630 2528 2683 Turarius

253 2718 378 2787 (vgl.
418 2717 601 2787 Epist.
639 2722 689 2786 2,
734 2722 760 2771 1
800 2716 958 2786 extr.)
997 2719 1232 2788 dicitur,
1269 2718 1596 2774 insederunt
1628 2721 1784 2788 eique
1818 2735 1978 2773 suum
2014 2735 2209 2773 nomen
2246 2717 2526 2771 dederunt.

254 2805 309 2859 S.
338 2804 458 2859 Liv.
486 2809 536 2872 2,
566 2809 631 2860 14
658 2814 797 2860 extr.
852 2806 1078 2877 Dionys.
1114 2806 1283 2863 Halic.
1327 2808 1453 2861 Ant.
1476 2811 1542 2876 ·5‚
1582 2825 1635 2877 p.
1675 2811 1780 2862 304
1813 2807 1927 2863 und
1964 2807 2168 2861 Festus
2203 2823 2251 2860 v.
2294 2806 2527 2859 Tuscum

249 2896 447 2949 vicum.
520 2894 639 2964 Vgl.
679 2894 854 2948 Varro
894 2894 962 2950 de
998 2895 1061 2949 L.
1098 2895 1164 2949 L.
1204 2900 1256 2965 4,
1294 2900 1342 2952 8.
1419 2896 1593 2950 Tacit.
1632 2886 1772 2949 Ann.
1809 2899 1869 2965 4,
1907 2897 1990 2950 65.
2030 2928 2097 2938 —
2133 2895 2310 2962 impia
2345 2894 2523 2947 turba.

256 2979 440 3036 Schol.
467 2981 591 3035 Aer.
629 2982 871 3037 Turbam
894 2983 1124 3051 impiam
1160 2990 1261 3039 aut
1293 2985 1660 3054 neyotiatores
1696 2986 1995 3054 accipimus
2029 2988 2130 3037 aut
2162 2984 2395 3049 lenones,
2437 2981 2532 3036 sed

252 3071 450 3124 melius
503 3070 723 3124 lenones
774 3071 1150 3141 intelliyimus,
1206 3073 1303 3141 qui
1346 3072 1798 3128 inhumanissimi
1836 3077 1966 3126 sunt
2010 3077 2062 3125 et
2102 3086 2277 3142 neque
2320 3071 2528 3124 miseri·

255 3157 459 3212 cordia
511 3172 679 3226 neque
728 3159 982 3227 precibus
1029 3160 1351 3228 fleetuntur,-
1406 3160 1601 3216 deinde
1651 3160 1800 3229 quod
1855 3162 1917 3215 iu
1972 3161 2092 3215 vico
2140 3161 2358 3215 turario
2403 3165 2528 3213 ante

249 3246 563 3300 meretrices
588 3247 934 3314 prostabant.
996 3247 1098 3303 Die
1136 3249 1352 3303 lenones
1389 3248 1510 3304 sind
1549 3249 1802 3318 gemeint,
1843 3248 1929 3304 die
1955 3247 2050 3303 mit
2077 3249 2249 3304 ihrem
2273 3247 2531 3303 Gesindel

252 3335 375 3390 hier
411 3334 662 3390 hausten.
737 3335 914 3390 Plaut.
957 3335 1167 3391 Curcul.
1206 3339 1256 3405 4,
1300 3340 1354 3406 1,
1394 3340 1456 3391 21
1498 3338 1575 3391 In
1623 3337 1795 3392 Tusco
1830 3338 1948 3393 vico
1984 3338 2067 3392 ibi
2101 3342 2230 3391 sunt
2267 3336 2529 3403 homines,

254 3423 359 3493 qui
391 3423 508 3491 ipsi
540 3438 653 3477 sese
688 3423 985 3479 venditant.
1023 3458 1091 3468 —-
1127 3425 1319 3494 impia.
1373 3425 1552 3480 Plaut.
1579 3424 1721 3480 Rud.
1750 3431 1798 3494 3,
1826 3429 1874 3495 2,
1906 3429 1972 3481 38
1998 3424 2267 3493 F'raudis,
2294 3425 2528 3492 sceleris,

240 3511 551 3580 parricidi,
580 3514 806 3581 periuri
832 3514 1049 3583 plenus,
1077 3510 1383 3584 Leqirupa‚
1420 3514 1727 3583 impudens,
1764 3516 2036 3583 impurus,
2076 3512 2532 3568 inverecundissi-

250 3616 393 3668 m,
444 3599 567 3657 Uno
602 3602 763 3657 verbo
801 3603 1108 3668 absolvam,
1147 3602 1386 3657 Leno’st.
1424 3634 1493 3645 -
1530 3619 1578 3655 v.
1618 3604 1736 3655 229.
1789 3602 1923 3657 Gum
1958 3603 2171 3655 scurris
2201 3602 2401 3669 fartor.
2477 3599 2531 3655 S.

252 3704 327 3742 zu
371 3691 426 3756 1,
468 3690 557 3757 10,
597 3693 679 3745 85.
752 3689 818 3743 In
857 3689 954 3745 der
989 3689 1275 3745 ahnlichen
1315 3688 1485 3744 Stelle
1522 3688 1610 3744 bei
1647 3690 1868 3744 Terent.
1909 3689 2149 3758 Eun.‘2‚
2189 3693 2246 3758 2,
2284 3693 2352 3744 25
2390 3689 2528 3744 Gon·

248 3781 495 3830 currunt
529 3776 661 3830 laeti
694 3777 772 3830 mi
806 3776 1019 3832 obviam
1055 3778 1411 3847 ctwpediarii
1445 3794 1657 3846 omnem,
1703 3776 1933 3843 Cetarii,
1984 3777 2150 3845 lanii,
2189 3778 2375 3846 coqui,
2410 3778 2531 3845 far-

250 3869 421 3932 tores,
450 3864 781 3933 piscatores,
824 3866 1029 3922 erklart
1054 3866 1303 3922 Donatus
1338 3867 1580 3934 fartores
1613 3865 1699 3920 fur
1724 3866 1917 3934 Lente,
1957 3866 2056 3933 qui
2091 3867 2294 3920 insicia
2328 3871 2382 3920 et
2410 3867 2533 3934 far·

250 3953 469 4006 cimina
498 3952 719 4019 faciunt
756 3950 1237 4025 (ἆλλαντοπῶλαι),
1274 3955 1386 4009 und
1419 3954 1476 4009 in
1514 3954 1695 4009 dieser
1728 3954 2059 4023 Bedeutung
2095 3953 2396 4023 gebraucht
2435 3952 2532 4008 das

248 4039 425 4094 Wort
467 4038 643 4095 Plaut.
694 4040 912 4096 Trucul.
965 4046 1020 4112 1,
1066 4046 1125 4112 2,
1179 4047 1240 4097 11
1299 4043 1362 4098 de
1409 4049 1597 4101 nostro
1645 4058 1804 4111 saepe
1851 4040 2043 4110 edunt,
2100 4041 2252 4112 quod
2287 4043 2531 4110 fartores

242 4129 497 4197 faciunt,
560 4127 670 4198 (die
741 4127 901 4183 einen
973 4130 1130 4186 Theil
1194 4132 1290 4186 des
1354 4131 1519 4186 ihnen
1586 4148 1657 4186 zu
1724 4131 1829 4185 den
1893 4132 2158 4184 Wursten
2221 4129 2534 4199 gegebenen

248 4215 542 4271 Fleisches
579 4214 667 4269 fur
701 4215 820 4271 sich
857 4217 1152 4288 behalten).
1206 4219 1468 4289 Dagegen
1494 4219 1697 4274 Colum.
1736 4224 1787 4289 8,
1827 4224 1858 4274 7
1895 4220 2166 4289 Pinquem
2197 4218 2383 4291 {acere
2414 4217 2534 4286 ραι-

245 4306 461 4373 linam,
508 4305 760 4373 quamvis
788 4307 1113 4377 far-toris,
1160 4325 1275 4363 uon
1317 4309 1515 4362 rustici
1562 4309 1635 4363 sit
1669 4309 1938 4376 officium,
1987 4312 2194 4375 tamen,
2247 4306 2384 4375 quia
2418 4321 2534 4360 uon

247 4409 423 4465 aegre
476 4394 776 4463 contingit,
822 4395 1283 4465 praecipiendum
1328 4396 1551 4464 putavi,
1609 4395 1723 4450 und
1775 4410 1837 4450 so
1891 4395 2030 4450 auch
2073 4393 2174 4450 auf
2212 4392 2541 4450 Inschristen
