3032 5008
1010 429 1124 495 Sat.
1164 430 1236 510 ΙΙ,
1273 438 1322 498 Β.
1361 457 1410 496 v.
1448 433 1673 497 8'6—90.
2363 424 2487 498 449

336 608 715 676 Mazonomo
757 611 946 693 pueri
987 630 1220 694 magno
1265 613 1594 695 discerpta
1634 613 1917 681 ferentes

334 718 631 787 Membra
672 722 853 804 gruis
898 724 1105 803 sparsi
1150 723 1285 789 sale
1327 723 1531 789 multo
1576 743 1704 791 non
1749 727 1886 792 sine
1929 726 2124 810 farre,

332 829 687 913 Pinguibus
733 836 802 896 et
842 829 980 898 ficis
1024 839 1280 914 pastum
1325 835 1503 901 iecur
1535 834 1788 903 ’anseris
1827 837 2038 919 albae,

333 941 422 1005 Et
463 942 754 1024 leporum
801 944 1074 1025 avolsos,
1118 948 1193 1009 ut
1236 945 1438 1011 multo
1485 948 1763 1027 suavius,
1810 967 2042 1032 armos,

248 1062 261 1075 ·
338 1051 542 1129 Quam
587 1053 642 1118 si
688 1073 829 1119 cum
869 1054 1101 1122 lumbis
1146 1056 1288 1137 quis
1333 1057 1498 1139 edit3
1541 1063 1680 1123 tum
1725 1064 1988 1141 pectore
2034 1061 2263 1127 adusto
2396 1067 2476 1123 90

212 1272 369 1342 quod
401 1271 594 1327 cecidit
623 1274 785 1340 sorte,
822 1270 889 1326 id
921 1277 1041 1326 arte
1073 1279 1138 1327 ut
1171 1275 1436 1344 corriqas.
1473 1307 1542 1318 —-
1580 1292 1628 1329 v.
1667 1278 1749 1332 86.
1790 1276 2142 1334 Mazonomo.
2215 1277 2485 1333 Maeono-

209 1377 338 1415 mus
384 1355 715 1433 (μαζονόμος
767 1375 842 1415 sc.
892 1356 1085 1421 κύκλος
1134 1361 1267 1416 oder
1309 1361 1525 1430 πίναξ),
1577 1362 1696 1418 eine
1745 1352 1949 1433 grosse'
1975 1362 2256 1433 Schflssel,
2315 1365 2487 1421 vorin

203 1448 426 1518 cigentl.
464 1447 616 1517 Brot,
653 1443 818 1517 μάζα,
859 1447 1215 1518 ausgetragen
1252 1450 1453 1505 wurde.
1502 1451 1700 1507 Pollux
1736 1454 1786 1520 6,
1825 1456 1894 1508 87
1928 1450 2235 1526 μαζονόμια
2273 1454 2378 1524 (10,
2415 1457 2487 1509 84

207 1534 577 1609 μαζονομεῒα)
601 1538 780 1589 κοῖλοι
801 1531 1032 1609 μεγάλοι
1075 1542 1317 1604 πίνακες,
1356 1536 1442 1608 ἐφ’
1483 1527 1564 1591 ὧν
1598 1541 1656 1591 αἱ
1690 1536 1858 1610 pacat
1894 1541 2242 1613 διενέμοντο·
2281 1537 2490 1604 ξύλινοι

82 1648 89 1655 ·
201 1625 273 1678 δὲ
308 1618 467 1691 ἦσαν.
540 1625 659 1694 Vgl.
703 1625 900 1679 Athen.
938 1629 996 1694 4,
1033 1624 1233 1695 p.'149
1269 1627 1334 1679 A.
1385 1642 1468 1680 wo
1514 1625 1665 1681 diese
1706 1626 1999 1683 Schusseln
2046 1645 2153 1683 von
2188 1628 2299 1684 ΕΓΖ
2341 1628 2485 1701 sind,

199 1712 319 1767 und
359 1712 483 1768 dort
511 1711 738 1768 casaub.
775 1712 935 1767 Danu
973 1713 1092 1767 eine
1130 1713 1446 1784 allgemeine
1470 1714 1808 1785 Benennung
1845 1716 1997 1771 einer
2032 1732 2262 1787 grossen
2289 1716 2489 1773 Schue-

201 1801 308 1869 8el,
347 1799 448 1856 wie
482 1800 603 1855 hier
638 1802 751 1856 und
785 1800 875 1855 bei
899 1802 1073 1857 Varro
1113 1802 1180 1856 de
1217 1800 1282 1856 R.
1319 1801 1385 1856 R.
1425 1806 1474 1872 3,
1514 1806 1549 1857 4
1583 1808 1648 1858 ut
1679 1805 1741 1858 in
1777 1804 1962 1859 eodem
1997 1810 2133 1860 tecto
2171 1806 2485 1861 ornithonis

195 1891 479 1944 inclusum
524 1884 828 1945 melinium
875 1890 1096 1944 haberet
1130 1891 1471 1959 (Lucullus),
1514 1891 1615 1945 ubi
1658 1890 1881 1947 delicate
1917 1895 2221 1948 coenitaret
2254 1900 2308 1949 et
2341 1895 2487 1950 alios

194 1976 413 2031 videret
447 1977 510 2031 in
543 1992 864 2032 mazonomo
892 1981 1108 2049 positos
1145 1984 1336 2047 coctos,
1375 1981 1520 2035 alios
1553 1981 1779 2035 volitare
1814 1983 2021 2035 circum
2052 1982 2326 2048 feneswas
2361 1997 2485 2052 cap·

195 2071 305 2120 tos.
344 2096 414 2108 -
448 2081 498 2118 v.
537 2069 621 2120 87.
678 2065 927 2119 Membra
971 2068 1145 2135 qruis.
1220 2065 1354 2122 Plin.
1399 2068 1480 2147 10,
1522 2070 1592 2121 30
1627 2069 1912 2125 Cornelius
1950 2070 2169 2138 Nepos,
2212 2071 2312 2139 qui
2345 2070 2491 2125 Divi

193 2153 455 2223 Auyusti
477 2154 810 2222 principatu
847 2155 1009 2221 obiit,
1060 2168 1183 2208 cum
1225 2153 1483 2209 scriberet
1526 2157 1721 2212 turdos
1746 2159 1943 2226 paullo
1981 2163 2108 2213 ante
2145 2164 2361 2226 coeptos
2394 2172 2485 2212 sa-

187 2242 428 2311 qiuari,
474 2240 725 2311 addidit,
776 2244 1021 2297 ciconias
1064 2243 1245 2312 mayis
1286 2244 1504 2311 placere
1549 2260 1716 2312 quam
1758 2261 1952 2315 yrues,
2002 2262 2124 2300 cum
2170 2247 2304 2301 haec
2340 2262 2487 2300 nunc

190 2331 314 2385 ales
360 2330 504 2384 inter
537 2332 759 2399 primas
806 2336 1118 2400 expetatur,
1165 2331 1319 2386 illam
1361 2346 1515 2385 nemo
1562 2334 1689 2387 velit
1733 2334 1996 2404 altiqisse.
2068 2333 2148 2389 Es
2186 2341 2330 2390 ware
2368 2334 2485 2390 also

187 2417 563 2474 schicklicher
622 2433 901 2488 gewesen‚
970 2419 1140 2489 junge
1210 2419 1440 2475 Stoi-che
1493 2418 1782 2491 austragen
1836 2438 1907 2476 zu
1961 2421 2162 2477 lassen.
2255 2421 2375 2492 Vgl.
2431 2425 2481 2491 2,

192 2513 250 2576 2,
293 2509 380 2562 49.
454 2509 633 2562 Varro
671 2509 760 2563 bei
794 2507 929 2562 Gell.
970 2513 1030 2576 7,
1072 2510 1153 2564 16.
1203 2541 1271 2552 -
1330 2526 1378 2563 v.
1416 2513 1501 2565 88.
1559 2510 1869 2580 anuibus
1906 2552 1918 2565 .
1957 2550 1969 2564 .
2003 2511 2141 2577 ficis.
2215 2511 2351 2566 Plin.
2394 2514 2481 2580 23,

187 2601 270 2653 63
311 2598 691 2653 Carcinomati
724 2639 738 2652 .
767 2639 779 2651 .
818 2613 980 2665 quam
1009 2599 1537 2667 pinquissimam
1569 2598 1781 2664 ficum
1816 2601 2048 2670 imponi,
2077 2615 2259 2667 paene
2291 2600 2482 2668 sinqu-

186 2688 321 2743 lare
356 2684 655 2741 remedium
691 2692 782 2741 est.
857 2686 936 2740 Im
970 2684 1281 2756 Gegensatz
1332 2687 1586 2743 ebendaS.
1626 2688 1827 2742 vorher
1862 2689 2077 2742 siccae
2112 2688 2251 2755 fici
2282 2692 2480 2741 stoma-

183 2776 368 2831 chum
402 2774 631 2830 laedunt
663 2780 756 2828 etc.
793 2806 862 2817 ——
890 2780 1114 2844 pastum
1148 2776 1326 2843 iecur,
1371 2775 1569 2846 griech.
1609 2765 1757 2846 ἧπαρ
1794 2772 2049 2831 συκωτόν.
2126 2776 2249 2830 Aet.
2290 2779 2341 2844 2,
2386 2779 2484 2831 127

180 2858 443 2928 ἄμεινον
478 2864 540 2917 δὲ
578 2905 589 2918 .
632 2901 645 2916 .
683 2860 787 2918 οὐκ
824 2866 902 2922 εἰς
938 2858 1149 2932 ἡδονὴν
1182 2859 1387 2932 μόνον,
1438 2861 1577 2917 ἀλλὰ
1618 2859 1718 2917 καῖ
1749 2866 1826 2925 εἰς
1859 2863 1925 2918 τὰ
1963 2858 2100 2918 ἄλλα
2135 2861 2194 2917 τὸ
2230 2866 2343 2917 τῶν
2378 2856 2484 2915 σύ-

180 2971 322 3013 κοις
347 2954 530 3021 ξηροῖς
561 2955 926 3006 σιτευθέντων
952 2958 1166 3025 χοίρων
1196 2941 1345 3026 ἧπαρ
1382 2954 1476 3006 καὶ
1509 2949 1606 3006 διὰ
1642 2953 1798 3006 τοῦτο
1835 2949 2082 3007 συκωτὸν
2113 2946 2479 3024 καλούμενον,

182 3040 393 3097 latein.
426 3041 665 3107 ficatum.
742 3040 795 3094 S.
840 3039 1058 3094 Reines.
1100 3041 1222 3095 Var.
1263 3039 1440 3094 Lectt.
1482 3043 1532 3109 3,
1571 3044 1618 3094 4.
1657 3058 1710 3111 p.
1752 3043 1870 3095 394.
1910 3057 1961 3095 u.
2002 3038 2228 3094 Salmas.
2267 3054 2339 3093 zu
2378 3036 2476 3093 So·

182 3129 293 3186 lin.
338 3147 391 3199 p.
430 3131 549 3184 343.
623 3128 758 3183 Plin.
795 3128 861 3182 H.
898 3129 965 3183 N.
1007 3131 1099 3197 10,
1138 3132 1205 3182 27
1255 3129 1456 3183 Nostri
1494 3129 1883 3197 sapientiores,
1932 3129 2031 3197 qui
2070 3143 2162 3183 eos
2208 3126 2480 3196 (anseres)

184 3218 412 3272 iecoris
457 3217 694 3271 bonitate
740 3232 949 3271 novere.
1030 3216 1341 3271 Far-lilibus
1386 3218 1448 3270 in
1489 3232 1753 3285 maynam
1801 3217 2216 3285 amplitudinem
2260 3217 2484 3282 crescit,-

178 3311 512 3374 exemptum
560 3321 769 3374 quoque
814 3305 951 3360 lacte
997 3307 1170 3360 mulso
1215 3309 1461 3374 augetur.
1537 3303 1654 3358 Nec
1701 3305 1822 3357 sine
1863 3318 2036 3356 causa
2071 3306 2135 3360 in
2172 3304 2486 3373 quaestione

178 3401 309 3463 est,
359 3395 484 3462 quis
524 3395 995 3462 primus'tantum
1031 3393 1230 3447 bonum
1263 3392 1555 3459 invenerit,
1602 3391 1861 3459 Scipione
1898 3392 2150 3447 Metellus
2187 3433 2199 3447 .
2239 3434 2251 3446 .
2290 3409 2366 3445 an
2404 3391 2485 3444 M.

175 3483 381 3539 Seius.
422 3481 539 3550 Vgl.
578 3480 816 3535 Martial.
857 3484 940 3550 13,
979 3485 1061 3536 58.
1108 3479 1349 3535 Iuvenal.
1390 3483 1440 3547 ὅ,
1487 3483 1600 3534 114.
1635 3513 1703 3522 —-
1741 3479 1911 3534 albae.
1987 3479 2059 3533 So
2097 3479 2185 3534 fur
2222 3480 2335 3535 albi
2372 3479 2488 3534 drei

176 3573 305 3627 der
353 3571 547 3625 beaten
582 3569 717 3624 Mss.
793 3569 845 3624 S.
886 3568 1063 3623 Bentl.
1136 3568 1239 3623 Die
1275 3568 1445 3624 Gilste
1496 3568 1750 3623 erfahren
1799 3583 1914 3621 nun
1963 3566 2136 3621 durch
2174 3566 2260 3621 die
2296 3567 2488 3621 Beleh²

170 3675 348 3729 rung
374 3658 471 3712 des
497 3656 710 3713 Wirths
737 3658 879 3713 auch
907 3658 1003 3713 das
1030 3657 1356 3713 Geschlecht
1386 3657 1483 3711 der
1507 3655 1673 3727 (ἔκηε,
1713 3655 1812 3711 wie
1851 3655 1940 3710 die
1965 3655 2144 3710 Farbe
2182 3654 2293 3709 und
2318 3654 2485 3709 Mast.

171 3783 261 3793 —
312 3747 484 3802 albae.
556 3746 723 3802 Diese
759 3747 895 3801 hielt
931 3763 1057 3802 man
1093 3746 1180 3801 fur
1218 3745 1306 3800 die
1342 3746 1553 3801 besten.
1626 3745 1801 3800 Varro
1841 3743 1908 3798 de
1945 3743 2010 3798 R.
2048 3742 2113 3797 R.
2152 3745 2213 3812 3⁴,
2256 3745 2321 3797 10
2357 3743 2485 3797 Pri-

167 3853 355 3894 mum
390 3835 611 3891 iubebat
643 3851 856 3891 servum
891 3836 955 3890 in
992 3836 1217 3906 leyenclo
1254 3835 1570 3900 observare,
1607 3839 1671 3888 ut
1702 3838 1878 3887 essent
1910 3833 2084 3900 ampli
2117 3837 2172 3886 et
2204 3831 2320 3886 albi
2355 3832 2478 3898 (an-

164 3925 403 3993 seres),
453 3924 605 3992 quod
636 3925 958 3993 plerumque
994 3923 1184 3991 pullos
1226 3924 1429 3978 similes
1465 3924 1558 3975 sui
1586 3923 1819 3990 faciunt.
1874 3953 1942 3964 -—-
1996 3936 2044 3973 v.
2084 3921 2168 3975 89.
2224 3923 2289 3973 ut
2319 3919 2487 3973 nuato

163 4014 451 4072 suavius.
500 4011 726 4067 wieder
762 4010 884 4065 eine
921 4012 1277 4080 Aeusserung
1313 4009 1411 4065 des
1449 4009 1678 4064 wirths.
1719 4042 1788 4052 —
1823 4025 2025 4063 armos.
2067 4006 2186 4077 Vgl.
2227 4010 2276 4075 2,
2310 4008 2362 4074 4,
2399 4008 2485 4060 44.

163 4099 389 4161 Schol.
428 4098 586 4171 Cruq.
635 4101 807 4155 oblati
850 4100 1009 4154 nobis
1055 4104 1187 4153 sunt
1232 4100 1380 4152 armi
1423 4099 1543 4151 sine
1589 4098 1805 4165 lumbis,
1855 4113 1994 4166 quos
2035 4095 2367 4151 commodius
2412 4099 2493 4148 est

157 4194 350 4249 solos
375 4204 486 4244 esse
527 4205 693 4258 quam
728 4189 894 4243 simul
928 4193 1047 4241 cum
1083 4186 1296 4254 lumbis,
1334 4189 1468 4256 quia
1504 4186 1674 4241 lumbi
1709 4185 1912 4240 habent
1945 4183 2164 4252 aliquid
2196 4184 2324 4238 tetri
2359 4182 2488 4237 odo·

154 4282 269 4339 ris
314 4282 375 4331 et
405 4278 631 4344 saporis
666 4279 850 4331 minus
884 4277 1130 4331 iucundi.
1169 4308 1237 4317 —
1287 4292 1333 4329 v.
1372 4276 1455 4329 90.
1510 4272 1638 4328 edit.
1714 4272 1895 4327 Schol.
1932 4271 2092 4341 Cruq.
2143 4271 2492 4328 Subiunctivi

146 4365 376 4432 modi,
415 4365 587 4434 edim,
624 4364 771 4436 edis,
808 4365 950 4435 edin
986 4380 1134 4420 nunc
1170 4364 1328 4418 edam
1339 4405 1356 4433 ,
1394 4379 1481 4431 as,
1519 4367 1592 4417 at.
1638 4361 1712 4417 So
1747 4361 1863 4416 edit
1895 4359 1931 4415 f.
1968 4360 2099 4415 edat
2133 4361 2273 4417 anch
2308 4358 2486 4429 Epod.

323 4471 435 4512 flor.
466 4471 555 4513 eat.
1976 4456 2056 4517 29
