3032 5008
601 408 724 472 332
1367 420 1480 477 Sat.
1521 421 1591 489 11,
1630 425 1678 476 3.
1719 438 1765 476 v.
1805 424 2096 480 261—272.

733 590 871 670 Quo
914 593 1243 661 rediturus
1288 599 1430 660 erat
1466 613 1599 663 non
1643 596 2010 676 arcessitus,
2058 600 2125 662 et
2166 594 2399 661 haeret

730 705 962 772 Invisis
1006 705 1294 771 foribus?
1381 706 1481 772 Ne
1526 725 1711 788 nunc,
1756 725 1900 773 cum
1942 726 2046 774 me
2088 711 2278 773 vocet
2319 705 2514 785 ultro,

733 817 1100 883 Accedam?
1145 836 1226 882 an
1268 816 1484 899 potius
1529 817 1803 884 mediter
1846 815 2032 885 finire
2077 819 2381 884 dolores?

732 928 1053 1009 Exclusit3
1098 932 1391 995 revocat:
1436 929 1739 995 redeam?
1787 948 1928 1010 non,
1976 931 2030 996 si
2076 930 2391 996 obsecret.
2480 928 2642 993 Ecce

729 1038 968 1105 Servus
1010 1058 1136 1105 non
1179 1040 1395 1122 paullo
1441 1039 1808 1122 sapientior,
1854 1039 1910 1107 Ο
1952 1040 2127 1120 here,
2172 1056 2339 1120 quae
2383 1055 2490 1104 res
2711 1042 2828 1105 ,265

731 1150 869 1216 Nec
911 1151 1170 1217 modum
1213 1151 1408 1218 habet
1452 1170 1660 1233 neque
1707 1151 2058 1233 consilium,
2102 1152 2352 1218 ratione
2394 1151 2705 1232 modoque

733 1261 1029 1327 Tractari
1072 1280 1198 1328 non
1243 1261 1394 1328 volt.
1481 1262 1560 1328 In
1605 1280 1822 1329 amore
1866 1262 2025 1328 haec
2069 1265 2220 1328 sunt
2261 1262 2459 1327 mala:
2505 1262 2753 1342 bellum,

734 1374 869 1438 Pax
912 1392 1188 1439 rursum.
1275 1374 1452 1439 Haec
1496 1374 1551 1439 si
1596 1374 1739 1455 quis
1784 1373 2189 1455 tempestatis
2233 1391 2437 1455 prope
2476 1373 2608 1439 ritu

738 1485 1003 1550 Mobilia
1049 1488 1117 1550 et
1158 1502 1349 1551 caeca
1390 1484 1710 1550 fluitantia
1754 1490 1928 1551 sorte
1971 1483 2223 1550 laboret

733 1596 1030 1662 Reddere
1076 1600 1258 1661 certa
1300 1595 1440 1676 sibi,
1484 1594 1682 1660 nihilo
1727 1594 1873 1676 plus
1919 1594 2195 1676 explicet
2236 1612 2313 1660 ac
2357 1595 2415 1661 si
2741 1597 2842 1654 270

736 1706 1027 1772 Insanire
1070 1710 1259 1789 paret
1303 1711 1481 1772 certa
1524 1706 1774 1772 ratione
1819 1706 2151 1787 modoque.

740 1816 950 1895 Quid?
998 1834 1140 1883 cum
1185 1817 1438 1883 Picenis
1484 1835 1835 1898 excerpens
1880 1817 2122 1883 semina
2162 1817 2370 1898 pomis

608 1987 706 2027 vor
742 1970 840 2026 der
863 1970 1015 2025 Thur
1046 1971 1142 2025 der
1167 1970 1333 2026 Thais
1372 1960 1679 2041 sprec-bend
1717 1977 1866 2041 sagt:
1909 1970 2060 2040 Quid
2091 1971 2268 2040 iqitm·
2301 1969 2557 2039 faciam?
2589 1989 2700 2026 non
2735 1987 2848 2035 enm,

610 2077 677 2114 ne
701 2074 849 2113 nunc
882 2058 1099 2127 quidem
1123 2059 1254 2115 Cum
1294 2058 1554 2114 ademar
1587 2061 1734 2114 ultro
1749 2057 1780 2111 ,9
1816 2061 1891 2113 τιὴ
1918 2060 2110 2129 potius
2145 2061 2226 2113 ita
2264 2076 2345 2113 mc
2381 2074 2706 2129 comparem,
2740 2060 2850 2114 Non

598 2149 818 2218 perpeti
851 2149 1189 2201 meretricum
1225 2145 1627 2201 contumelias?
1678 2149 1963 2216 Exclusit,
2008 2153 2254 2203 revocat:
2290 2147 2508 2202 redeam
2523 2146 2555 2202 ἓ
2624 2149 2777 2213 Non,
2807 2149 2850 2200 si

610 2253 693 2291 mc
730 2237 977 2291 obsecret.
1050 2235 1163 2290 Der
1202 2233 1400 2290 Sklave
1445 2243 1740 2291 antwortet
1785 2236 1924 2290 nach
1960 2235 2189 2306 einigem
2226 2236 2465 2290 anderen
2504 2252 2553 2289 v.
2596 2240 2654 2289 11
2696 2236 2852 2290 Proin

608 2330 684 2392 tu,
725 2323 855 2378 dum
889 2330 967 2378 est
1004 2329 1237 2392 tempus,
1276 2325 1442 2377 etiam
1475 2329 1637 2393 atque
1677 2326 1841 2378 etiam
1877 2326 1978 2379 hoc
2012 2326 2211 2394 coyita,
2248 2325 2389 2392 Ere,
2431 2339 2573 2392 quac
2604 2340 2693 2378 res
2724 2325 2778 2377 in
2809 2339 2854 2376 se

607 2429 780 2481 neque
803 2413 1093 2468 concilim
1115 2427 1287 2481 neque
1309 2409 1529 2465 modum
1553 2414 1739 2467 Habet
1757 2415 1946 2483 ullum,
1984 2429 2104 2467 eam
2138 2428 2250 2466 rem
2285 2413 2514 2467 coneilio
2549 2429 2732 2482 repere
2761 2428 2854 2466 noa

600 2508 774 2573 potes,
812 2502 887 2558 In
923 2518 1112 2556 amore
1147 2500 1278 2555 haee
1313 2502 1499 2556 omnia
1535 2502 1733 2557 ineunt
1765 2503 1937 2557 vitia:
1981 2502 2224 2568 iniuria,
2275 2500 2653 2570 Saeoepiciones,
2696 2501 2854 2556 initui-

610 2592 797 2660 citiae,
845 2589 1125 2656 indutiae,
1173 2590 1418 2657 Bellum,
1450 2604 1577 2657 pax
1611 2605 1866 2644 rursum:
1904 2593 2112 2645 incerta
2148 2590 2283 2646 haee
2315 2591 2370 2644 si
2403 2596 2463 2644 tu
2494 2593 2732 2659 postules
2760 2590 2853 2645 Ra-

609 2680 756 2735 tione
790 2684 939 2733 certa
971 2680 1180 2747 facere,
1229 2678 1407 2732 nihilo
1435 2679 1570 2745 plus
1607 2695 1773 2748 apae,
1821 2679 2001 2750 Quam
2034 2680 2088 2733 si
2123 2678 2216 2733 des
2252 2694 2500 2748 operam,
2536 2685 2598 2733 ut
2631 2695 2749 2734 cum
2779 2694 2855 2731 m-

611 2770 760 2823 tione
794 2756 1066 2822 insanias.
1103 2800 1171 2809 -—
1220 2782 1268 2819 v.
1309 2768 1427 2820 262.
1473 2766 1562 2821 Ne
1597 2782 1772 2835 nunc,
1821 2783 1944 2822 cum
1987 2782 2071 2821 mc
2115 2772 2275 2823 vocet.
2347 2767 2522 2823 Voss:
2568 2767 2682 2822 Ich
2715 2782 2853 2833 nun,

614 2856 695 2911 da
730 2856 830 2911 sie
868 2857 1094 2911 selber
1127 2855 1302 2911 mich
1336 2855 1630 2924 nothigt,
1665 2855 2018 2926 Hingehn?
2056 2855 2170 2911 Das
2208 2854 2467 2925 fragende
2502 2873 2572 2911 ne
2606 2855 2736 2911 vix-d
2769 2872 2856 2909 nur

613 2945 693 3000 als
732 2947 980 3001 enclitica
1016 2945 1329 3015 gebraucht.
1385 2945 1606 3007 Terent.
1646 2945 1734 2999 Ne
1768 2960 1918 2998 nunc
1952 2944 2184 3013 quietern,
2223 2944 2395 3001 woffir
2431 2945 2612 3001 Horaz
2649 2946 2706 3000 in
2739 2945 2860 3000 dem·

611 3034 797 3089 selben
838 3034 1001 3089 Sinne
1040 3034 1127 3088 Ne
1170 3048 1333 3087 nunc.
1411 3030 1483 3085 So
1521 3031 1662 3086 nach
1699 3031 1865 3087 Codd.
1905 3033 2083 3087 Bentl.
2122 3032 2210 3087 fur
2245 3034 2361 3088 Nee
2394 3049 2556 3088 nunc.
2628 3033 2746 3089 Den
2777 3033 2862 3087 Be·

610 3122 740 3177 weis
777 3138 883 3177 von
921 3122 1043 3178 dem
1078 3121 1362 3177 Gebrauch
1402 3121 1499 3175 des
1535 3137 1604 3176 ne
1638 3120 1674 3175 f.
1712 3138 1781 3175 ne
1820 3162 1833 3175 .
1869 3163 1883 3176 .
1921 3122 2161 3191 quidem,
2202 3121 2308 3177 den
2346 3137 2405 3176 er
2441 3122 2690 3192 schuldig
2721 3121 2861 3188 blieb,

616 3210 764 3280 giebt
801 3209 1088 3265 Ruhnken.
1131 3227 1199 3265 zu
1238 3209 1406 3264 Rutil.
1444 3208 1585 3279 Lup.
1621 3227 1674 3280 p.
1720 3211 1834 3263 129.
1885 3211 2039 3276 [und
2075 3211 2375 3267 entkraftet
2412 3210 2635 3281 Madvig
2669 3228 2738 3266 zu
2771 3210 2860 3263 Cic.

617 3296 737 3351 Fin.
775 3315 828 3367 p.
866 3303 950 3354 83.
1000 3304 1118 3355 828.
1193 3297 1344 3353 Ganz
1384 3296 1621 3352 einfach:
1677 3298 1876 3365 (vis-ne)
1922 3314 1991 3353 ne
2026 3314 2174 3354 mmo
2206 3340 2218 3353 .
2261 3339 2274 3353 .
2312 3299 2606 3354 accedam?
2658 3298 2733 3372 μὴ
2776 3299 2864 3353 riv

620 3422 633 3435 .
674 3424 687 3437 .
726 3388 1087 3460 προσέλθως]
1137 3419 1206 3430 -
1254 3392 1408 3442 vocet
1449 3385 1554 3440 alle
1601 3386 1735 3441 Mas.
1811 3386 2029 3442 Musste
2072 3387 2192 3442 hier
2225 3388 2408 3443 Horaz
2447 3389 2586 3442 nach
2626 3388 2746 3442 dem
2777 3386 2862 3439 Te-

613 3474 935 3530 renzischen
970 3492 1093 3530 cum
1129 3476 1389 3531 adeersor
1423 3474 1774 3545 nothwendig
1811 3475 1920 3529 den
1955 3474 2174 3530 indicat.
2212 3476 2464 3530 wahlen‘?
2509 3477 2642 3531 (jum
2677 3475 2791 3530 hier
2820 3473 2865 3526 in

615 3562 714 3617 der
750 3565 879 3618 sehr
913 3558 1225 3635 passe'nden
1262 3565 1591 3634 Bedeutung
1627 3580 1732 3618 von
1768 3562 2035 3632 siquidem
2070 3562 2155 3619 od.
2198 3565 2465 3632 quamvis,
2539 3564 2735 3631 [blos
2776 3577 2864 3616 von

614 3654 889 3721 quamvis,
930 3653 1012 3709 da
1048 3654 1274 3722 doch]
1321 3687 1389 3696 —
1444 3670 1491 3707 v.
1533 3656 1651 3707 270.
1706 3653 1951 3721 explicet.
2025 3651 2203 3708 Schol.
2241 3652 2520 3723 proficiat.
2559 3685 2627 3695 -
2682 3669 2728 3705 v.
2765 3654 2866 3705 252

619 3739 794 3810 Quid,
841 3756 965 3795 cum
1002 3742 1235 3798 Picenis.
1309 3743 1503 3797 Pollux
1540 3742 1591 3811 9,
1633 3743 1734 3795 128
1770 3738 1918 3796 flihrt
1955 3748 2118 3795 unter-
2152 3741 2480 3795 mancherlei
2517 3739 2762 3808 Mitteln,
2797 3738 2868 3792 die

611 3826 929 3899 Gesinnung
971 3830 1072 3884 der
1106 3829 1391 3885 Geliebten
1441 3848 1511 3884 zu
1559 3828 1900 3897 erforschen‚
1948 3830 2088 3883 auch
2136 3829 2233 3884 das
2271 3828 2390 3884 hier
2426 3828 2701 3884 erwahnte
2739 3824 2869 3897 Spiel

615 3931 701 3970 an.
782 3914 859 3971 Τὸ
897 3922 1117 3991 σπέρμα
1153 3921 1267 3973 τῶν
1300 3913 1518 3991 μήλων,
1564 3914 1701 3988 ὅπερ
1735 3918 1976 3987 ἔγκειται
2011 3921 2124 3976 τοῖς
2155 3913 2355 3987 μήλοις
2390 3917 2655 3982 ἔνδοθεν,
2701 3910 2871 3985 ἄκροις

614 4009 726 4063 τοῖς
769 4002 1008 4077 πρώτοις
1051 4008 1144 4075 τῆς
1187 4007 1371 4068 δεξιᾶς
1414 4004 1518 4061 δύο
1551 4002 1850 4075 ξδακτύλοις
1895 4007 2284 4078 συμπιέζοντες
2326 4004 2406 4058 ἔτι
2452 4000 2752 4074 διάβροχον
2794 4002 2872 4055 καὶ

614 4088 918 4162 ὀλισθηρὸν
962 4089 1051 4164 ὃν,
1093 4098 1146 4149 εἰ
1180 4095 1317 4167 πρὸς
1362 4090 1508 4165 ὕψος
1543 4089 1866 4162 πηδήσειεν,
1913 4091 2277 4164 ἔσημαίνοντο
2331 4087 2500 4159 τούτῳ
2536 4091 2636 4160 τὴν
2669 4089 2872 4145 εὔνοιαν

614 4177 713 4247 τὴν
759 4182 911 4251 παρὰ
959 4186 1090 4237 τῶν,
1114 4186 1413 4239 παιδικῶν.
1450 4216 1520 4226 -—
1557 4184 1793 4237 Picenis.
1868 4182 2022 4238 Nach
2061 4182 2165 4236 Art
2203 4180 2301 4235 der
2336 4180 2568 4236 Dichter
2601 4180 2734 4234 vird
2769 4177 2872 4233 eine

615 4266 925 4324 bestimmte
962 4270 1207 4342 Gattung
1243 4279 1511 4341 genannt,
1554 4270 1640 4327 die
1677 4273 1835 4327 beste
1873 4272 1976 4326 Art
2013 4268 2212 4339 Aepfel
2249 4267 2385 4339 (Sat.
2427 4272 2492 4336 2,
2534 4272 2595 4337 4,
2637 4265 2749 4335 70),
2785 4279 2870 4320 aas

614 4354 903 4425 Picenum,
940 4359 1064 4413 dem
1112 4360 1293 4415 Strich
1339 4359 1565 4415 Italiens
1612 4376 1698 4415 am
1746 4358 2110 4414 adriatischen
2149 4359 2336 4412 Meere
2371 4374 2496 4413 vom
2533 4357 2694 4412 Fluss
2731 4358 2870 4410 Ater—
