3032 5008
1015 473 1129 530 Sat.
1168 475 1211 544 Ι,
1255 478 1334 530 10.
1374 492 1421 529 ν.
1462 476 1686 530 20-22,
2359 461 2483 524 219

343 649 435 715 At
478 668 775 731 magnum
823 649 994 727 fecit,
1039 648 1209 729 quod
1254 649 1469 715 verbis
1516 648 1767 715 Graeca
1809 646 2055 713 Latinis
2408 649 2486 708 20
2577 699 2582 704 .

343 761 638 826 Miscuit!
727 761 779 826 Ο
826 762 953 826 seri
996 760 1382 826 studiorum!
1431 760 1622 841 quine
1667 759 1910 840 putetis

340 870 615 938 Difficile
661 878 728 938 et
768 874 1017 952 mirum,
1064 870 1314 936 Rhodio
1360 871 1530 953 quod
1575 869 1964 936 Pitholeonti

202 1051 444 1106 Calvum
479 1094 492 1105 .
531 1091 543 1104 .
595 1049 698 1105 die
744 1050 816 1104 im
851 1050 1362 1105 Anakreontischen
1400 1051 1553 1105 Tone
1599 1049 1948 1120 abgefassten
1987 1049 2294 1107 erotischeu
2331 1049 2490 1103 Lie-

201 1140 329 1194 der
378 1138 496 1194 des
533 1136 586 1191 C.
626 1138 936 1194 Licinius
976 1137 1220 1193 Calvus
1272 1139 1400 1193 und
1438 1137 1491 1192 C.
1532 1139 1841 1193 Valerius
1880 1137 2186 1193 Catullus
2233 1154 2310 1192 zu
2349 1138 2489 1190 sin-

199 1243 347 1299 gen.
426 1227 669 1282 Oantare
705 1227 928 1282 Calvum
963 1234 1017 1282 et
1046 1227 1320 1282 Catullum
1355 1228 1502 1280 kann
1538 1226 1712 1296 nicht,
1750 1227 1851 1281 wie
1889 1226 2141 1282 Wieland
2177 1226 2361 1292 meint‚
2399 1226 2490 1279 be-

201 1318 446 1385 deuten,
497 1315 618 1370 dem
656 1313 852 1369 Calvus
899 1315 1014 1369 und
1059 1314 1303 1370 Catullus
1351 1316 1692 1384 nachleiern‚
1743 1315 1945 1370 Lieder
1985 1315 2039 1368 in
2087 1315 2234 1369 ihrer
2279 1314 2491 1368 Manier

202 1405 450 1460 dichten.
524 1402 659 1457 Gell.
716 1406 806 1471 19,
845 1406 878 1456 9
928 1404 1100 1510 S'acpe
1147 1419 1267 1457 eum
1309 1405 1807 1472 percontabantur,
1859 1404 1995 1472 quid
2037 1404 2103 1458 de
2144 1405 2492 1458 Anacreonte

204 1494 515 1561 ceterisque
555 1492 621 1545 id
658 1505 833 1562 yemis
876 1470 1088 1560 poetis*
1096 1494 1343 1560 sentiret,
1392 1500 1444 1546 et
1484 1494 1667 1561 ecquis
1701 1498 2019 1546 nostrorum
2047 1497 2340 1561 poetarum
2379 1498 2492 1545 tam

196 1584 439 1649 fluentes
472 1583 783 1634 carminum
820 1578 1047 1635 delicias
1076 1580 1309 1648 fecisset,
1348 1582 1464 1634 nis-i
1497 1581 1774 1647 Catullus,
1811 1582 2094 1649 inqthunt
2129 1581 2274 1650 forte
2300 1595 2491 1649 pauca

202 1676 253 1724 et
290 1670 500 1724 Calvus
536 1667 723 1723 itidem
754 1683 959 1737 pauca.
999 1670 1085 1722 An
1123 1668 1311 1723 diesen
1349 1668 1564 1736 CalvuS,
1604 1668 1802 1723 dessen
1839 1669 1978 1722 auch
2005 1667 2193 1723 Cicero
2229 1668 2300 1722 ad
2337 1669 2487 1722 Fam.

202 1764 251 1826 7,
292 1761 396 1827 24,
438 1758 550 1811 und
588 1756 668 1811 als
705 1756 950 1811 Rednere
997 1757 1078 1825 (er
1112 1773 1225 1811 war
1260 1758 1412 1811 einer
1449 1757 1549 1811 der
1585 1763 1836 1826 gressten
1875 1757 2094 1811 Redner
2129 1756 2308 1811 seiner
2344 1756 2488 1824 Zeit)

200 1848 271 1901 im
310 1847 477 1899 Brut.
515 1849 578 1900 81
623 1845 867 1899 erwahnt
905 1845 1043 1916 (Vgl.
1084 1844 1169 1900 ad.
1209 1846 1358 1900 Fam.
1403 1849 1481 1915 15,
1521 1844 1626 1912 21),
1666 1846 1789 1900 sind
1823 1848 2069 1901 mehrere
2092 1845 2358 1900 Gedichte
2395 1844 2490 1899 Oa-

199 1936 340 1992 tulls
380 1933 668 2005 gerichtet,
710 1936 795 2001 14,
822 1936 906 2001 50,
935 1935 1018 1987 96.
1059 1935 1179 2003 Vgl.
1209 1938 1293 2003 53,
1332 1934 1446 1989 und
1482 1934 1665 1989 Burm.
1706 1951 1775 1989 zu
1803 1935 2050 2005 Propert.
2093 1938 2141 2003 2,
2179 1938 2261 1989 25.
2303 1933 2491 2001 [Wei-

205 2025 383 2078 chert.
426 2023 484 2076 P.
524 2021 666 2076 Catt.
718 2039 769 2091 p.
808 2022 939 2087 89.]
984 2055 1051 2065 --
1099 2039 1146 2075 v.
1192 2026 1274 2076 20.
1332 2025 1412 2077 At
1454 2039 1730 2093 maynum.
1809 2021 1986 2077 Schol.
2036 2023 2195 2091 Cruq.
2245 2023 2486 2077 Obiectio

203 2114 329 2165 eius
365 2111 470 2179 qui
504 2108 753 2176 defendit
786 2111 1079 2165 Lucilium.
1120 2111 1400 2177 [Miscuit
1432 2109 1480 2163 d.
1509 2112 1562 2164 h.
1599 2111 1896 2164 immiscuit
1929 2110 2029 2165 wie
2055 2110 2191 2165 Vell.
2219 2112 2277 2163 P.
2311 2115 2390 2178 11,
2417 2113 2487 2165 86

192 2199 465 2269 partibus
510 2200 628 2252 eius
672 2214 728 2252 se
771 2200 1086 2253 miscuisset.
1108 2201 1133 2266 1
1170 2232 1240 2241 -
1275 2217 1323 2252 v.
1365 2202 1447 2253 21.
1489 2199 1537 2252 Ο
1574 2200 1688 2252 seri
1723 2199 2047 2253 studiorum.
2108 2198 2285 2252 Schol
2325 2198 2485 2266 Cruq.

197 2286 542 2359 ὀψιμαθεῖς,
579 2289 678 2355 qui
710 2297 833 2340 sero
871 2287 1071 2341 studiis
1103 2302 1306 2343 cacare
1341 2288 1609 2354 coepisti-³.
1654 2286 1903 2356 Castiyat
1936 2302 2028 2340 eos
2064 2290 2162 2354 qui
2190 2294 2488 2356 propterea

194 2377 484 2429 mirantur
509 2376 807 2443 Lucilium,
845 2376 994 2444 quod
1016 2376 1317 2430 inseruerit
1350 2376 1514 2429 verba
1540 2377 1758 2431 Graeca
1783 2376 1993 2430 Latino
2031 2376 2284 2442 carmini,
2324 2379 2490 2443 quasi

196 2481 315 2519 non
353 2465 539 2534 quiz-is
575 2464 723 2519 alius
749 2465 934 2533 possit
966 2465 1067 2519 hoc
1098 2466 1300 2534 facere,
1340 2481 1462 2519 cum
1500 2465 1790 2520 Pitholeon
1816 2463 2089 2531 Rhodius,
2129 2466 2347 2533 ineptus
2383 2466 2485 2518 ali-

199 2555 328 2622 quis
341 2558 531 2621 poeta,
570 2555 633 2607 in
664 2554 782 2606 suis
817 2555 1231 2622 epiyrammatis
1265 2556 1429 2608 etiam
1454 2554 1679 2608 Latinis
1713 2553 1934 2607 Graeca
1968 2553 2334 2606 immiscuerit.
2375 2553 2490 2606 Fur

199 2640 595 2694 unwissend
646 2640 943 2708 gebraucht
993 2638 1280 2713 ὀψιμαθὴς
1315 2641 1479 2695 Isocr.
1519 2641 1741 2694 Encom.
1781 2640 1969 2693 Helen.
2010 2640 2058 2709 ξ.
2098 2646 2145 2693 2.
2194 2646 2272 2700 τίς
2313 2636 2486 2698 οὕτως

198 2725 497 2797 ὄψιμαᾶής
543 2728 724 2794 ἐστιν,
775 2725 921 2788 ὅστις
968 2728 1069 2782 οὐκ
1104 2727 1224 2783 οἶδε
1258 2725 1637 2800 Πρωταγόραν
1671 2731 1765 2782 καὶ
1800 2767 1813 2780 .
1853 2767 1865 2778 .
1903 2726 2032 2788 τοὺς
2065 2727 2360 2798 σοφιστὰς,
2400 2725 2482 2781 ὅτι

199 2856 212 2868 .
256 2855 269 2865 .
310 2821 540 2869 τοιαῦτα
576 2859 588 2870 .
630 2860 642 2872 .
683 2815 1093 2893 συγγράμματα
1132 2820 1424 2872 κατέλιπον
1458 2814 1624 2890 imin
1658 2817 1882 2871 Lucian.
1923 2817 1990 2871 de.
2030 2816 2222 2871 Saltat.
2262 2821 2330 2871 33
2369 2816 2478 2888 ἐγώ

196 2906 261 2960 δὲ
300 2947 313 2958 .
340 2947 354 2959 .
394 2902 497 2974 τὴν
525 2908 652 2976 περὶ
676 2913 846 2960 ταῦτα
871 2908 1192 2978 φιλοτιμίαν
1216 2900 1583 2979 ἀπειρόκαλόν
1617 2922 1674 2958 τε
1709 2907 1803 2957 καὶ
1842 2905 2102 2977 ὀψιμαθῆ
2134 2907 2227 2958 καὶ
2264 2906 2484 2976 ἐμαυτῷ

200 2987 441 3064 ἄκαιρον
477 2998 663 3067 οἴομαι
702 2993 859 3050 εἷναι.
899 2995 1019 3063 Vgl.
1046 2993 1183 3049 Gen.
1226 2998 1308 3062 11,
1347 2999 1394 3047 7.
1457 2991 1562 3047 Cic.
1603 2992 1706 3063 Ep.
1746 2993 1818 3048 ad
1855 2994 2002 3047 Fam.
2042 2996 2090 3047 9.
2131 2996 2212 3047 20.
2253 2991 2481 3048 Casaub.

199 3098 270 3135 zu
296 3082 578 3151 Theophr.
607 3079 764 3137 Char.
803 3086 887 3152 27,
927 3100 1009 3137 wo
1049 3082 1135 3137 die
1173 3080 1456 3153 ὀψιμαθία
1493 3098 1614 3137 vom
1655 3082 2003 3151 Theophrast
2039 3083 2094 3135 in
2132 3081 2344 3151 einigen
2379 3083 2485 3136 Zu-

199 3186 305 3238 gen
343 3170 669 3239 dau-gestent
706 3170 856 3225 wird.
897 3171 1083 3225 Daher
1118 3171 1197 3224 als
1241 3170 1620 3239 Schimpfwort
1657 3170 1713 3223 in
1748 3170 1891 3225 Plat.
1930 3170 2170 3240 Euthyd.
2208 3174 2244 3224 4
2278 3188 2480 3242 γερον-

196 3253 613 3319 τοδιδάσκαλος.
670 3260 782 3314 Das
821 3258 1144 3329 Gegentheil
1179 3258 1253 3315 ist
1290 3255 1660 3331 παιδομαθής.
1719 3257 2029 3324 Quintilian.
2073 3263 2118 3326 1,
2161 3263 2243 3327 12,
2281 3262 2315 3312 9
2351 3260 2480 3313 Ma-

194 3348 290 3415 92’3
324 3348 500 3413 scias,
553 3350 607 3401 si
648 3364 803 3417 qtaem
845 3350 962 3401 iam
1010 3350 1294 3402 robustum
1338 3349 1624 3401 instituere
1662 3349 1857 3402 litteris
1892 3348 2162 3416 coeperis,
2210 3365 2325 3401 non
2360 3350 2481 3402 sine

197 3449 374 3487 causa
410 3435 526 3490 dici
558 3437 928 3508 παιδομαθεῒς
964 3453 1070 3503 eos,
1111 3438 1209 3505 qui
1241 3437 1306 3490 in
1339 3451 1445 3489 sua
1480 3436 1720 3504 quidque
1756 3442 1875 3490 arte
1912 3439 2111 3504 optime
2142 3438 2376 3503 faciant.
2414 3466 2481 3476 —-

198 3526 367 3592 quine
390 3527 607 3593 putetis.
649 3524 762 3579 Das
788 3540 856 3578 ne
889 3525 963 3579 ist
1002 3525 1142 3578 auch
1178 3524 1297 3577 hier
1332 3524 1574 3594 fragend.
1615 3524 1749 3579 Hier
1785 3524 1908 3579 sind
1944 3524 2078 3578 zwei
2115 3525 2479 3593 Wendungen

195 3612 803 3681 zusammengeflossen,
842 3630 875 3668 o
912 3616 1026 3668 seri
1059 3613 1392 3681 studiorum,
1429 3615 1727 3683 metatisne,
1767 3613 1897 3682 und,
1935 3629 1967 3667 o
2004 3614 2117 3667 seri
2150 3612 2478 3679 studiorum,

196 3702 300 3768 qui
327 3703 547 3769 putetis.
625 3700 846 3756 Terent.
886 3702 1119 3772 Adelph.
1160 3707 1221 3769 2,
1261 3706 1321 3770 3,
1362 3702 1398 3757 8
1428 3703 1685 3769 festivum
1723 3709 1915 3771 caput,
1953 3702 2116 3769 quine
2152 3702 2338 3753 omnia
2374 3701 2484 3753 sibi

190 3794 324 3855 post
360 3791 587 3858 putarit
627 3804 741 3843 esse
768 3805 911 3858 prae
947 3806 1061 3843 meo
1101 3790 1297 3845 lucro?
1368 3790 1545 3844 Plaut.
1585 3791 1804 3844 Trucul.
1843 3794 1900 3857 2,
1940 3792 1995 3858 6,
2036 3793 2103 3843 52
2136 3788 2484 3856 poenitetne?

195 3876 349 3945 quod
384 3878 621 3932 ancillae
655 3884 789 3932 sunt
819 3877 972 3932 iam?
1038 3879 1215 3948 Quinc
1250 3880 1415 3932 etiam
1450 3894 1616 3946 super
1651 3878 1925 3944 adducas,
1964 3894 2103 3946 quae
2136 3878 2276 3930 mihi
2310 3892 2481 3931 come-

192 3962 324 4018 dint
355 3965 576 4021 cibum?
637 3964 830 4019 catull.
869 3968 954 4035 64,
996 3971 1096 4021 180
1134 3969 1226 4020 An
1256 3968 1445 4035 patris
1481 3968 1757 4021 auxilium
1801 3982 2037 4034 sperem,
2084 3982 2310 4033 quemne
2353 3967 2482 4032 ipsa

194 4054 406 4121 reliqui
439 4095 452 4107 .
491 4096 503 4108 .
543 4054 809 4124 Coniuqis
852 4072 928 4109 an
972 4055 1087 4122 fido
1134 4057 1381 4110 consoler
1426 4063 1616 4109 memet
1653 4071 1862 4121 amore,
1918 4054 2092 4123 Quinc
2124 4056 2274 4122 suffit
2310 4056 2481 4109 lentos

188 4143 495 4197 incurvans
527 4143 747 4213 ραν-ρέα
780 4145 999 4199 remos?
1037 4178 1103 4187 —
1141 4162 1188 4198 v.
1219 4149 1300 4198 22.
1342 4144 1728 4210 Pitholeon,
1768 4141 2213 4197 wahrscheinlich
2252 4141 2351 4196 der
2375 4160 2480 4197 von

195 4230 428 4285 Sueton.
466 4230 619 4286 Caes.
661 4236 728 4288 75
773 4241 1043 4302 genannte
1088 4232 1395 4287 Pitholaus.
1471 4233 1725 4286 Pitholai
1767 4230 2111 4283 carminibus
2155 4231 2479 4286 maledicen-

189 4316 425 4373 tissimis
461 4320 761 4374 laceratam
796 4323 1253 4374 existimationem
1289 4337 1450 4374 suam
1487 4321 1640 4374 cim'li
1673 4321 1860 4373 animo
1894 4319 2023 4373 tulit
2056 4319 2321 4386 (Caesar).
2360 4322 2475 4377 Ma-

193 4406 350 4462 erob.
389 4408 601 4464 Saturn.
646 4411 695 4479 2,
737 4412 768 4462 2
804 4409 953 4464 fuhrt
994 4424 1101 4465 von
1138 4408 1310 4464 einem
1347 4408 1426 4462 M.
1473 4409 1744 4465 Otacilius
1780 4408 2076 4464 pitholaus
2113 4408 2270 4464 einen
2306 4409 2475 4467 witzi-
