<?xml version="1.0" encoding="UTF-8"?>
<!DOCTYPE html PUBLIC "-//W3C//DTD XHTML 1.0 Transitional//EN"
    "http://www.w3.org/TR/xhtml1/DTD/xhtml1-transitional.dtd">
<html xmlns="http://www.w3.org/1999/xhtml" xml:lang="en" lang="en">
 <head>
  <title>
</title>
<meta http-equiv="Content-Type" content="text/html;charset=utf-8" />
  <meta name='ocr-system' content='tesseract 3.04.00' />
  <meta name='ocr-capabilities' content='ocr_page ocr_carea ocr_par ocr_line ocrx_word'/>
</head>
<body>
  <div class='ocr_page' id='page_1' title='image "./desqhoratiusfla00heingoog_0156.png"; bbox 0 0 3032 5008; ppageno 0'>
   <div class='ocr_carea' id='block_1_1' title="bbox 531 411 2005 484">
    <p class='ocr_par' dir='ltr' id='par_1_1' title="bbox 531 411 2005 484">
     <span class='ocr_line' id='line_1_1' title="bbox 531 411 2005 484; baseline -0.001 -15"><span class='ocrx_word' id='word_1_1' title='bbox 531 411 647 472; x_wconf 83' lang='grc'><strong>136</strong></span> <span class='ocrx_word' id='word_1_2' title='bbox 1324 412 1437 468; x_wconf 82' lang='lat' dir='ltr'>Sat.</span> <span class='ocrx_word' id='word_1_3' title='bbox 1483 421 1527 484; x_wconf 91' lang='lat'>1,</span> <span class='ocrx_word' id='word_1_4' title='bbox 1569 419 1615 471; x_wconf 81' lang='lat'>5.</span> <span class='ocrx_word' id='word_1_5' title='bbox 1656 433 1703 469; x_wconf 81' lang='lat' dir='ltr'>v.</span> <span class='ocrx_word' id='word_1_6' title='bbox 1743 418 2005 470; x_wconf 73' lang='lat'>99-103.</span> 
     </span>
    </p>
   </div>
   <div class='ocr_carea' id='block_1_2' title="bbox 647 586 2785 1100">
    <p class='ocr_par' dir='ltr' id='par_1_2' title="bbox 647 586 2785 1004">
     <span class='ocr_line' id='line_1_2' title="bbox 647 586 2395 669; baseline -0.003 -12"><span class='ocrx_word' id='word_1_7' title='bbox 647 593 813 657; x_wconf 88' lang='lat' dir='ltr'>Dum</span> <span class='ocrx_word' id='word_1_8' title='bbox 859 590 1111 655; x_wconf 82' lang='lat' dir='ltr'><strong>flamma</strong></span> <span class='ocrx_word' id='word_1_9' title='bbox 1154 590 1291 654; x_wconf 89' lang='lat' dir='ltr'>sine</span> <span class='ocrx_word' id='word_1_10' title='bbox 1337 593 1488 654; x_wconf 80' lang='lat' dir='ltr'>tura</span> <span class='ocrx_word' id='word_1_11' title='bbox 1533 588 1900 669; x_wconf 82' lang='lat' dir='ltr'>liquescere</span> <span class='ocrx_word' id='word_1_12' title='bbox 1950 586 2166 653; x_wconf 89' lang='lat' dir='ltr'>limine</span> <span class='ocrx_word' id='word_1_13' title='bbox 2209 605 2395 654; x_wconf 82' lang='lat' dir='ltr'>sacro</span> 
     </span>
     <span class='ocr_line' id='line_1_3' title="bbox 653 697 2785 781; baseline -0.005 -15"><span class='ocrx_word' id='word_1_14' title='bbox 653 702 1055 766; x_wconf 80' lang='lat' dir='ltr'>Persuadere</span> <span class='ocrx_word' id='word_1_15' title='bbox 1101 701 1295 781; x_wconf 87' lang='lat' dir='ltr'>cupit.</span> <span class='ocrx_word' id='word_1_16' title='bbox 1387 697 1637 764; x_wconf 80' lang='lat' dir='ltr'>Credat</span> <span class='ocrx_word' id='word_1_17' title='bbox 1680 699 1959 765; x_wconf 82' lang='lat' dir='ltr'>Iudaeus</span> <span class='ocrx_word' id='word_1_18' title='bbox 2005 698 2252 780; x_wconf 82' lang='lat' dir='ltr'>Apella,</span> <span class='ocrx_word' id='word_1_19' title='bbox 2686 703 2785 758; x_wconf 84' lang='lat'>100</span> 
     </span>
     <span class='ocr_line' id='line_1_4' title="bbox 655 808 2643 892; baseline -0.002 -16"><span class='ocrx_word' id='word_1_20' title='bbox 655 812 801 876; x_wconf 91' lang='lat' dir='ltr'>Non</span> <span class='ocrx_word' id='word_1_21' title='bbox 848 813 999 892; x_wconf 83' lang='lat' dir='ltr'>ego!</span> <span class='ocrx_word' id='word_1_22' title='bbox 1058 828 1330 892; x_wconf 86' lang='lat' dir='ltr'>namque</span> <span class='ocrx_word' id='word_1_23' title='bbox 1377 808 1533 875; x_wconf 90' lang='lat' dir='ltr'>deos</span> <span class='ocrx_word' id='word_1_24' title='bbox 1577 809 1769 875; x_wconf 76' lang='lat' dir='ltr'>didici</span> <span class='ocrx_word' id='word_1_25' title='bbox 1810 828 2106 875; x_wconf 90' lang='lat' dir='ltr'>securum</span> <span class='ocrx_word' id='word_1_26' title='bbox 2152 828 2346 890; x_wconf 82' lang='lat' dir='ltr'>agere</span> <span class='ocrx_word' id='word_1_27' title='bbox 2395 827 2643 889; x_wconf 80' lang='lat' dir='ltr'>aevum,</span> 
     </span>
     <span class='ocr_line' id='line_1_5' title="bbox 660 919 2160 1004; baseline -0.001 -18"><span class='ocrx_word' id='word_1_28' title='bbox 660 922 815 1001; x_wconf 89' lang='lat' dir='ltr'>Nec,</span> <span class='ocrx_word' id='word_1_29' title='bbox 862 922 916 986; x_wconf 86' lang='lat' dir='ltr'>si</span> <span class='ocrx_word' id='word_1_30' title='bbox 960 922 1112 1004; x_wconf 91' lang='lat' dir='ltr'>quid</span> <span class='ocrx_word' id='word_1_31' title='bbox 1157 921 1303 987; x_wconf 90' lang='lat' dir='ltr'>miri</span> <span class='ocrx_word' id='word_1_32' title='bbox 1344 919 1538 987; x_wconf 80' lang='lat' dir='ltr'>faciat</span> <span class='ocrx_word' id='word_1_33' title='bbox 1581 924 1841 1000; x_wconf 80' lang='lat' dir='ltr'>natura,</span> <span class='ocrx_word' id='word_1_34' title='bbox 1894 921 2050 986; x_wconf 86' lang='lat' dir='ltr'>deos</span> <span class='ocrx_word' id='word_1_35' title='bbox 2094 919 2160 985; x_wconf 93' lang='lat' dir='ltr'>id</span> 
     </span>
    </p>

    <p class='ocr_par' dir='ltr' id='par_1_3' title="bbox 661 1030 2659 1100">
     <span class='ocr_line' id='line_1_6' title="bbox 661 1030 2659 1100; baseline -0.001 -2"><span class='ocrx_word' id='word_1_36' title='bbox 661 1033 913 1099; x_wconf 85' lang='lat' dir='ltr'>Tristes</span> <span class='ocrx_word' id='word_1_37' title='bbox 956 1050 1033 1100; x_wconf 80' lang='lat' dir='ltr'>ex</span> <span class='ocrx_word' id='word_1_38' title='bbox 1080 1033 1211 1098; x_wconf 80' lang='lat' dir='ltr'>alto</span> <span class='ocrx_word' id='word_1_39' title='bbox 1260 1030 1418 1097; x_wconf 84' lang='lat' dir='ltr'>caeli</span> <span class='ocrx_word' id='word_1_40' title='bbox 1466 1032 1807 1097; x_wconf 86' lang='lat' dir='ltr'>demittere</span> <span class='ocrx_word' id='word_1_41' title='bbox 1852 1034 2043 1097; x_wconf 83' lang='lat' dir='ltr'>tecte.</span> <span class='ocrx_word' id='word_1_42' title='bbox 2608 1055 2659 1070; x_wconf 49' lang='lat' dir='ltr'><em>f</em></span> 
     </span>
    </p>
   </div>
   <div class='ocr_carea' id='block_1_3' title="bbox 528 1248 2825 4421">
    <p class='ocr_par' dir='ltr' id='par_1_4' title="bbox 528 1248 2825 4421">
     <span class='ocr_line' id='line_1_7' title="bbox 533 1248 2785 1319; baseline 0 -16"><span class='ocrx_word' id='word_1_43' title='bbox 533 1249 641 1303; x_wconf 92' lang='lat' dir='ltr'>lich</span> <span class='ocrx_word' id='word_1_44' title='bbox 677 1248 902 1319; x_wconf 73' lang='lat' dir='ltr'>lympha</span> <span class='ocrx_word' id='word_1_45' title='bbox 934 1266 1040 1304; x_wconf 88' lang='lat' dir='ltr'>nur</span> <span class='ocrx_word' id='word_1_46' title='bbox 1078 1249 1164 1303; x_wconf 90' lang='lat' dir='ltr'>ein</span> <span class='ocrx_word' id='word_1_47' title='bbox 1202 1249 1411 1304; x_wconf 87' lang='lat' dir='ltr'>edlerer</span> <span class='ocrx_word' id='word_1_48' title='bbox 1435 1249 1730 1304; x_wconf 83' lang='lat' dir='ltr'>Ausdruck</span> <span class='ocrx_word' id='word_1_49' title='bbox 1764 1248 1851 1302; x_wconf 75' lang='lat' dir='ltr'>sur</span> <span class='ocrx_word' id='word_1_50' title='bbox 1886 1265 2051 1317; x_wconf 79' lang='lat' dir='ltr'>aqua,</span> <span class='ocrx_word' id='word_1_51' title='bbox 2092 1250 2222 1304; x_wconf 85' lang='lat' dir='ltr'>aber</span> <span class='ocrx_word' id='word_1_52' title='bbox 2248 1250 2541 1319; x_wconf 78' lang='lat' dir='ltr'>Lymphae</span> <span class='ocrx_word' id='word_1_53' title='bbox 2575 1248 2608 1302; x_wconf 84' lang='lat' dir='ltr'>f.</span> <span class='ocrx_word' id='word_1_54' title='bbox 2636 1249 2785 1318; x_wconf 63' lang='lat' dir='ltr'>Nym</span> 
     </span>
     <span class='ocr_line' id='line_1_8' title="bbox 528 1336 2790 1407; baseline 0 -16"><span class='ocrx_word' id='word_1_55' title='bbox 528 1339 678 1406; x_wconf 69' lang='lat' dir='ltr'>phac</span> <span class='ocrx_word' id='word_1_56' title='bbox 702 1337 798 1392; x_wconf 84' lang='lat' dir='ltr'>hat</span> <span class='ocrx_word' id='word_1_57' title='bbox 831 1338 1111 1394; x_wconf 74' lang='lat' dir='ltr'>ebenderS.</span> <span class='ocrx_word' id='word_1_58' title='bbox 1153 1338 1208 1391; x_wconf 88' lang='lat' dir='ltr'>in</span> <span class='ocrx_word' id='word_1_59' title='bbox 1248 1339 1343 1393; x_wconf 90' lang='lat' dir='ltr'>der</span> <span class='ocrx_word' id='word_1_60' title='bbox 1377 1353 1485 1393; x_wconf 78' lang='lat' dir='ltr'>von</span> <span class='ocrx_word' id='word_1_61' title='bbox 1511 1337 1800 1407; x_wconf 87' lang='lat' dir='ltr'>Augustin.</span> <span class='ocrx_word' id='word_1_62' title='bbox 1842 1336 1909 1391; x_wconf 88' lang='lat' dir='ltr'>de</span> <span class='ocrx_word' id='word_1_63' title='bbox 1936 1336 2045 1391; x_wconf 83' lang='lat' dir='ltr'>Civ.</span> <span class='ocrx_word' id='word_1_64' title='bbox 2074 1338 2177 1392; x_wconf 89' lang='lat' dir='ltr'>Dei</span> <span class='ocrx_word' id='word_1_65' title='bbox 2214 1341 2264 1406; x_wconf 81' lang='lat'>4,</span> <span class='ocrx_word' id='word_1_66' title='bbox 2293 1342 2359 1392; x_wconf 87' lang='lat'>22</span> <span class='ocrx_word' id='word_1_67' title='bbox 2398 1337 2617 1393; x_wconf 77' lang='lat' dir='ltr'>citirten</span> <span class='ocrx_word' id='word_1_68' title='bbox 2642 1336 2790 1391; x_wconf 83' lang='lat' dir='ltr'>Stelle</span> 
     </span>
     <span class='ocr_line' id='line_1_9' title="bbox 535 1425 2792 1496; baseline -0 -17"><span class='ocrx_word' id='word_1_69' title='bbox 535 1426 834 1496; x_wconf 78' lang='lat' dir='ltr'>gebraucht</span> <span class='ocrx_word' id='word_1_70' title='bbox 849 1468 862 1494; x_wconf 94' lang='lat'>,</span> <span class='ocrx_word' id='word_1_71' title='bbox 909 1445 978 1481; x_wconf 76' lang='lat' dir='ltr'>esc</span> <span class='ocrx_word' id='word_1_72' title='bbox 1022 1443 1083 1482; x_wconf 87' lang='lat' dir='ltr'>eo</span> <span class='ocrx_word' id='word_1_73' title='bbox 1119 1429 1262 1481; x_wconf 81' lang='lat' dir='ltr'>enim</span> <span class='ocrx_word' id='word_1_74' title='bbox 1293 1428 1595 1496; x_wconf 77' lang='lat' dir='ltr'>poterimus</span> <span class='ocrx_word' id='word_1_75' title='bbox 1631 1427 1770 1480; x_wconf 78' lang='lat' dir='ltr'>scire</span> <span class='ocrx_word' id='word_1_76' title='bbox 1784 1468 1799 1492; x_wconf 93' lang='lat'>,</span> <span class='ocrx_word' id='word_1_77' title='bbox 1844 1442 2001 1493; x_wconf 75' lang='lat' dir='ltr'>quem</span> <span class='ocrx_word' id='word_1_78' title='bbox 2036 1428 2296 1496; x_wconf 76' lang='lat' dir='ltr'>cuiusque</span> <span class='ocrx_word' id='word_1_79' title='bbox 2331 1427 2419 1480; x_wconf 80' lang='lat' dir='ltr'>rei</span> <span class='ocrx_word' id='word_1_80' title='bbox 2452 1442 2621 1482; x_wconf 70' lang='lat' dir='ltr'>cauea</span> <span class='ocrx_word' id='word_1_81' title='bbox 2655 1425 2792 1480; x_wconf 75' lang='grc' dir='ltr'>ἀειιηι</span> 
     </span>
     <span class='ocr_line' id='line_1_10' title="bbox 534 1514 2791 1584; baseline 0 -16"><span class='ocrx_word' id='word_1_82' title='bbox 534 1514 804 1569; x_wconf 78' lang='lat' dir='ltr'>advocare</span> <span class='ocrx_word' id='word_1_83' title='bbox 830 1521 880 1569; x_wconf 81' lang='lat' dir='ltr'>et</span> <span class='ocrx_word' id='word_1_84' title='bbox 915 1518 1171 1570; x_wconf 82' lang='lat' dir='ltr'>invocare</span> <span class='ocrx_word' id='word_1_85' title='bbox 1207 1514 1508 1581; x_wconf 76' lang='lat' dir='ltr'>debeamus,</span> <span class='ocrx_word' id='word_1_86' title='bbox 1548 1532 1615 1568; x_wconf 77' lang='lat' dir='ltr'>ne</span> <span class='ocrx_word' id='word_1_87' title='bbox 1647 1516 1938 1581; x_wconf 68' lang='lat' dir='ltr'>faciamus,</span> <span class='ocrx_word' id='word_1_88' title='bbox 1976 1521 2039 1568; x_wconf 73' lang='lat' dir='ltr'>ut</span> <span class='ocrx_word' id='word_1_89' title='bbox 2063 1515 2452 1582; x_wconf 47' lang='lat' dir='ltr'>Mimisolenss</span> <span class='ocrx_word' id='word_1_90' title='bbox 2491 1521 2543 1569; x_wconf 72' lang='lat' dir='ltr'>et</span> <span class='ocrx_word' id='word_1_91' title='bbox 2576 1520 2791 1584; x_wconf 64' lang='lat' dir='ltr'>opicum</span> 
     </span>
     <span class='ocr_line' id='line_1_11' title="bbox 537 1602 2793 1672; baseline -0 -15"><span class='ocrx_word' id='word_1_92' title='bbox 537 1619 574 1657; x_wconf 90' lang='lat' dir='ltr'>a</span> <span class='ocrx_word' id='word_1_93' title='bbox 608 1603 812 1658; x_wconf 77' lang='lat' dir='ltr'>Libero</span> <span class='ocrx_word' id='word_1_94' title='bbox 849 1620 1082 1671; x_wconf 77' lang='lat' dir='ltr'>aquam,</span> <span class='ocrx_word' id='word_1_95' title='bbox 1121 1621 1157 1656; x_wconf 89' lang='lat' dir='ltr'>a</span> <span class='ocrx_word' id='word_1_96' title='bbox 1185 1604 1468 1672; x_wconf 71' lang='lat' dir='ltr'>,Lymphis</span> <span class='ocrx_word' id='word_1_97' title='bbox 1502 1605 1705 1656; x_wconf 81' lang='lat' dir='ltr'>vinum.</span> <span class='ocrx_word' id='word_1_98' title='bbox 1730 1627 1810 1650; x_wconf 64' lang='lat'>*—</span> <span class='ocrx_word' id='word_1_99' title='bbox 1842 1603 2051 1669; x_wconf 68' lang='lat' dir='ltr'>Ira-tie,</span> <span class='ocrx_word' id='word_1_100' title='bbox 2090 1603 2191 1656; x_wconf 79' lang='lat' dir='ltr'>wie</span> <span class='ocrx_word' id='word_1_101' title='bbox 2230 1602 2345 1657; x_wconf 65' lang='lat' dir='ltr'>San</span> <span class='ocrx_word' id='word_1_102' title='bbox 2385 1608 2443 1671; x_wconf 69' lang='lat'>2,</span> <span class='ocrx_word' id='word_1_103' title='bbox 2483 1606 2543 1671; x_wconf 87' lang='lat'>3,</span> <span class='ocrx_word' id='word_1_104' title='bbox 2581 1606 2615 1658; x_wconf 80' lang='lat'>8</span> <span class='ocrx_word' id='word_1_105' title='bbox 2648 1603 2793 1656; x_wconf 74' lang='lat' dir='ltr'>iratis</span> 
     </span>
     <span class='ocr_line' id='line_1_12' title="bbox 538 1692 2795 1762; baseline 0.001 -18"><span class='ocrx_word' id='word_1_106' title='bbox 538 1697 704 1745; x_wconf 76' lang='lat' dir='ltr'>natus</span> <span class='ocrx_word' id='word_1_107' title='bbox 731 1693 927 1759; x_wconf 79' lang='lat' dir='ltr'>paries</span> <span class='ocrx_word' id='word_1_108' title='bbox 963 1692 1050 1745; x_wconf 79' lang='lat' dir='ltr'>dis</span> <span class='ocrx_word' id='word_1_109' title='bbox 1087 1697 1246 1760; x_wconf 78' lang='lat' dir='ltr'>atque</span> <span class='ocrx_word' id='word_1_110' title='bbox 1273 1692 1467 1759; x_wconf 75' lang='lat' dir='ltr'>poetis.</span> <span class='ocrx_word' id='word_1_111' title='bbox 1542 1692 1727 1746; x_wconf 80' lang='lat' dir='ltr'>Iuven.</span> <span class='ocrx_word' id='word_1_112' title='bbox 1773 1693 1863 1758; x_wconf 91' lang='lat'>10,</span> <span class='ocrx_word' id='word_1_113' title='bbox 1906 1693 2005 1744; x_wconf 82' lang='lat'>129</span> <span class='ocrx_word' id='word_1_114' title='bbox 2043 1692 2157 1745; x_wconf 70' lang='lat' dir='ltr'>Die</span> <span class='ocrx_word' id='word_1_115' title='bbox 2190 1693 2283 1746; x_wconf 82' lang='lat' dir='ltr'>ille</span> <span class='ocrx_word' id='word_1_116' title='bbox 2318 1692 2567 1747; x_wconf 71' lang='lat' dir='ltr'>adversis</span> <span class='ocrx_word' id='word_1_117' title='bbox 2597 1693 2795 1762; x_wconf 61' lang='lat' dir='ltr'>,amitus</span> 
     </span>
     <span class='ocr_line' id='line_1_13' title="bbox 535 1778 2797 1850; baseline -0 -17"><span class='ocrx_word' id='word_1_118' title='bbox 535 1780 762 1847; x_wconf 77' lang='lat' dir='ltr'>fatoque</span> <span class='ocrx_word' id='word_1_119' title='bbox 808 1781 1053 1835; x_wconf 76' lang='lat' dir='ltr'>sinistro.</span> <span class='ocrx_word' id='word_1_120' title='bbox 1126 1779 1239 1834; x_wconf 78' lang='lat' dir='ltr'>Das</span> <span class='ocrx_word' id='word_1_121' title='bbox 1278 1779 1602 1850; x_wconf 84' lang='lat' dir='ltr'>Gegentheil</span> <span class='ocrx_word' id='word_1_122' title='bbox 1644 1779 1965 1833; x_wconf 82' lang='lat' dir='ltr'>bezeichnet</span> <span class='ocrx_word' id='word_1_123' title='bbox 2014 1778 2112 1833; x_wconf 88' lang='lat' dir='ltr'>der</span> <span class='ocrx_word' id='word_1_124' title='bbox 2147 1778 2484 1835; x_wconf 86' lang='lat' dir='ltr'>freundliche</span> <span class='ocrx_word' id='word_1_125' title='bbox 2520 1780 2672 1834; x_wconf 87' lang='lat' dir='ltr'>Blick</span> <span class='ocrx_word' id='word_1_126' title='bbox 2702 1795 2797 1834; x_wconf 76' lang='lat' dir='ltr'>von</span> 
     </span>
     <span class='ocr_line' id='line_1_14' title="bbox 541 1865 2817 1936; baseline 0 -14"><span class='ocrx_word' id='word_1_127' title='bbox 541 1867 778 1922; x_wconf 66' lang='lat' dir='ltr'>Gettern</span> <span class='ocrx_word' id='word_1_128' title='bbox 812 1868 900 1923; x_wconf 87' lang='lat' dir='ltr'>bei</span> <span class='ocrx_word' id='word_1_129' title='bbox 937 1869 1036 1923; x_wconf 90' lang='lat' dir='ltr'>der</span> <span class='ocrx_word' id='word_1_130' title='bbox 1060 1868 1268 1923; x_wconf 87' lang='lat' dir='ltr'>Geburt</span> <span class='ocrx_word' id='word_1_131' title='bbox 1308 1866 1455 1922; x_wconf 84' lang='lat' dir='ltr'>eines</span> <span class='ocrx_word' id='word_1_132' title='bbox 1483 1868 1799 1935; x_wconf 88' lang='lat' dir='ltr'>Menschen‚</span> <span class='ocrx_word' id='word_1_133' title='bbox 1838 1865 1933 1920; x_wconf 90' lang='lat' dir='ltr'>Od.</span> <span class='ocrx_word' id='word_1_134' title='bbox 1974 1870 2024 1936; x_wconf 88' lang='lat'>4,</span> <span class='ocrx_word' id='word_1_135' title='bbox 2052 1871 2084 1922; x_wconf 88' lang='lat'><strong>3</strong></span> <span class='ocrx_word' id='word_1_136' title='bbox 2120 1868 2237 1923; x_wconf 87' lang='lat' dir='ltr'>init.</span> <span class='ocrx_word' id='word_1_137' title='bbox 2280 1886 2329 1923; x_wconf 88' lang='lat' dir='ltr'>u.</span> <span class='ocrx_word' id='word_1_138' title='bbox 2371 1869 2487 1924; x_wconf 75' lang='lat' dir='ltr'>das,</span> <span class='ocrx_word' id='word_1_139' title='bbox 2515 1868 2817 1924; x_wconf 82' lang='lat' dir='ltr'>MitscherL·</span> 
     </span>
     <span class='ocr_line' id='line_1_15' title="bbox 543 1954 2796 2026; baseline 0.001 -16"><span class='ocrx_word' id='word_1_140' title='bbox 543 1954 705 2022; x_wconf 79' lang='lat' dir='ltr'>[Sat.</span> <span class='ocrx_word' id='word_1_141' title='bbox 745 1960 794 2025; x_wconf 89' lang='lat'>2,</span> <span class='ocrx_word' id='word_1_142' title='bbox 835 1962 883 2026; x_wconf 89' lang='lat'>7,</span> <span class='ocrx_word' id='word_1_143' title='bbox 928 1958 1032 2024; x_wconf 87' lang='lat'>14]</span> <span class='ocrx_word' id='word_1_144' title='bbox 1072 1991 1140 2000; x_wconf 85' lang='lat'><strong>—</strong></span> <span class='ocrx_word' id='word_1_145' title='bbox 1175 1974 1223 2011; x_wconf 80' lang='lat' dir='ltr'>v,</span> <span class='ocrx_word' id='word_1_146' title='bbox 1264 1957 1349 2010; x_wconf 81' lang='lat'>99.</span> <span class='ocrx_word' id='word_1_147' title='bbox 1387 1957 1543 2010; x_wconf 86' lang='lat' dir='ltr'>Dum</span> <span class='ocrx_word' id='word_1_148' title='bbox 1574 1957 1796 2024; x_wconf 77' lang='lat' dir='ltr'>flamma</span> <span class='ocrx_word' id='word_1_149' title='bbox 1833 1956 1967 2010; x_wconf 75' lang='lat' dir='ltr'>sine.</span> <span class='ocrx_word' id='word_1_150' title='bbox 2024 1955 2160 2009; x_wconf 88' lang='lat' dir='ltr'>Plin.</span> <span class='ocrx_word' id='word_1_151' title='bbox 2187 1956 2254 2012; x_wconf 89' lang='grc' dir='ltr'>Η.</span> <span class='ocrx_word' id='word_1_152' title='bbox 2282 1956 2347 2011; x_wconf 86' lang='lat' dir='ltr'>N.</span> <span class='ocrx_word' id='word_1_153' title='bbox 2378 1961 2428 2023; x_wconf 85' lang='lat'>2,</span> <span class='ocrx_word' id='word_1_154' title='bbox 2472 1962 2568 2012; x_wconf 90' lang='lat'>111</span> <span class='ocrx_word' id='word_1_155' title='bbox 2604 1959 2677 2013; x_wconf 75' lang='lat' dir='ltr'>In</span> <span class='ocrx_word' id='word_1_156' title='bbox 2706 1956 2796 2012; x_wconf 78' lang='lat' dir='ltr'>Sa-</span> 
     </span>
     <span class='ocr_line' id='line_1_16' title="bbox 545 2045 2799 2117; baseline 0 -17"><span class='ocrx_word' id='word_1_157' title='bbox 545 2047 750 2100; x_wconf 75' lang='lat' dir='ltr'>lentina</span> <span class='ocrx_word' id='word_1_158' title='bbox 795 2046 1001 2115; x_wconf 80' lang='lat' dir='ltr'>oppido</span> <span class='ocrx_word' id='word_1_159' title='bbox 1037 2047 1289 2117; x_wconf 64' lang='lat' dir='ltr'>Egnatia</span> <span class='ocrx_word' id='word_1_160' title='bbox 1331 2046 1588 2112; x_wconf 73' lang='lat' dir='ltr'>imposito</span> <span class='ocrx_word' id='word_1_161' title='bbox 1634 2046 1785 2115; x_wconf 76' lang='lat' dir='ltr'>liquo</span> <span class='ocrx_word' id='word_1_162' title='bbox 1832 2045 1895 2099; x_wconf 78' lang='lat' dir='ltr'>in</span> <span class='ocrx_word' id='word_1_163' title='bbox 1938 2060 2140 2099; x_wconf 76' lang='lat' dir='ltr'>saxum</span> <span class='ocrx_word' id='word_1_164' title='bbox 2172 2046 2449 2114; x_wconf 75' lang='lat' dir='ltr'>quoddam</span> <span class='ocrx_word' id='word_1_165' title='bbox 2484 2046 2567 2100; x_wconf 81' lang='lat' dir='ltr'>ibi</span> <span class='ocrx_word' id='word_1_166' title='bbox 2598 2061 2799 2100; x_wconf 71' lang='lat' dir='ltr'>sacrum</span> 
     </span>
     <span class='ocr_line' id='line_1_17' title="bbox 534 2132 2801 2204; baseline -0.001 -15"><span class='ocrx_word' id='word_1_167' title='bbox 534 2136 796 2202; x_wconf 67' lang='lat' dir='ltr'>protinus</span> <span class='ocrx_word' id='word_1_168' title='bbox 839 2136 1119 2203; x_wconf 76' lang='lat' dir='ltr'>flammam</span> <span class='ocrx_word' id='word_1_169' title='bbox 1163 2136 1392 2189; x_wconf 76' lang='lat' dir='ltr'>existere</span> <span class='ocrx_word' id='word_1_170' title='bbox 1435 2134 1734 2201; x_wconf 68' lang='lat' dir='ltr'>(reperitur</span> <span class='ocrx_word' id='word_1_171' title='bbox 1778 2132 1934 2202; x_wconf 81' lang='lat' dir='ltr'>apud</span> <span class='ocrx_word' id='word_1_172' title='bbox 1967 2134 2261 2199; x_wconf 77' lang='lat' dir='ltr'>auctores).</span> <span class='ocrx_word' id='word_1_173' title='bbox 2334 2134 2452 2204; x_wconf 83' lang='lat' dir='ltr'>Vgl.</span> <span class='ocrx_word' id='word_1_174' title='bbox 2494 2132 2655 2189; x_wconf 86' lang='lat' dir='ltr'>Solin.</span> <span class='ocrx_word' id='word_1_175' title='bbox 2698 2150 2738 2187; x_wconf 81' lang='lat' dir='ltr'>c.</span> <span class='ocrx_word' id='word_1_176' title='bbox 2772 2136 2801 2188; x_wconf 83' lang='lat'><strong>5</strong></span> 
     </span>
     <span class='ocr_line' id='line_1_18' title="bbox 541 2220 2800 2293; baseline -0.001 -16"><span class='ocrx_word' id='word_1_177' title='bbox 541 2222 640 2277; x_wconf 86' lang='lat' dir='ltr'>mit</span> <span class='ocrx_word' id='word_1_178' title='bbox 680 2222 901 2276; x_wconf 80' lang='lat' dir='ltr'>Salmas.</span> <span class='ocrx_word' id='word_1_179' title='bbox 942 2221 1209 2277; x_wconf 84' lang='lat' dir='ltr'>Exercitt.</span> <span class='ocrx_word' id='word_1_180' title='bbox 1250 2240 1302 2292; x_wconf 89' lang='lat' dir='ltr'>p.</span> <span class='ocrx_word' id='word_1_181' title='bbox 1342 2225 1410 2279; x_wconf 85' lang='grc'>89</span> <span class='ocrx_word' id='word_1_182' title='bbox 1448 2239 1529 2291; x_wconf 83' lang='lat' dir='ltr'>sq.</span> <span class='ocrx_word' id='word_1_183' title='bbox 1591 2220 1693 2274; x_wconf 90' lang='lat' dir='ltr'>Die</span> <span class='ocrx_word' id='word_1_184' title='bbox 1730 2220 2002 2275; x_wconf 84' lang='lat' dir='ltr'>Unkunde</span> <span class='ocrx_word' id='word_1_185' title='bbox 2042 2221 2190 2277; x_wconf 88' lang='lat' dir='ltr'>eines</span> <span class='ocrx_word' id='word_1_186' title='bbox 2228 2223 2369 2276; x_wconf 76' lang='lat' dir='ltr'>auch</span> <span class='ocrx_word' id='word_1_187' title='bbox 2396 2224 2546 2293; x_wconf 65' lang='lat' dir='ltr'>‚ietzt</span> <span class='ocrx_word' id='word_1_188' title='bbox 2584 2224 2639 2276; x_wconf 86' lang='lat' dir='ltr'>in</span> <span class='ocrx_word' id='word_1_189' title='bbox 2672 2222 2800 2276; x_wconf 86' lang='lat' dir='ltr'>meh·</span> 
     </span>
     <span class='ocr_line' id='line_1_19' title="bbox 540 2309 2802 2382; baseline -0 -16"><span class='ocrx_word' id='word_1_190' title='bbox 540 2327 701 2366; x_wconf 85' lang='lat' dir='ltr'>reren</span> <span class='ocrx_word' id='word_1_191' title='bbox 726 2310 1019 2380; x_wconf 87' lang='lat' dir='ltr'>Gegenden</span> <span class='ocrx_word' id='word_1_192' title='bbox 1058 2310 1512 2365; x_wconf 83' lang='lat' dir='ltr'>vorkommenden</span> <span class='ocrx_word' id='word_1_193' title='bbox 1538 2309 1881 2365; x_wconf 65' lang='lat' dir='ltr'>Plifinomens</span> <span class='ocrx_word' id='word_1_194' title='bbox 1916 2310 2221 2365; x_wconf 77' lang='lat' dir='ltr'>veranlasst</span> <span class='ocrx_word' id='word_1_195' title='bbox 2257 2310 2379 2366; x_wconf 81' lang='lat' dir='ltr'>hier</span> <span class='ocrx_word' id='word_1_196' title='bbox 2414 2311 2521 2366; x_wconf 88' lang='lat' dir='ltr'>den</span> <span class='ocrx_word' id='word_1_197' title='bbox 2555 2310 2802 2382; x_wconf 79' lang='lat' dir='ltr'>freigeist-</span> 
     </span>
     <span class='ocr_line' id='line_1_20' title="bbox 544 2398 2805 2468; baseline -0.001 -14"><span class='ocrx_word' id='word_1_198' title='bbox 544 2398 761 2454; x_wconf 82' lang='lat' dir='ltr'>rischen</span> <span class='ocrx_word' id='word_1_199' title='bbox 813 2399 979 2468; x_wconf 86' lang='lat' dir='ltr'>Spott</span> <span class='ocrx_word' id='word_1_200' title='bbox 1027 2399 1101 2453; x_wconf 89' lang='lat' dir='ltr'>im</span> <span class='ocrx_word' id='word_1_201' title='bbox 1143 2399 1331 2454; x_wconf 86' lang='lat' dir='ltr'>Geiste</span> <span class='ocrx_word' id='word_1_202' title='bbox 1381 2399 1478 2453; x_wconf 89' lang='lat' dir='ltr'>der</span> <span class='ocrx_word' id='word_1_203' title='bbox 1524 2398 1927 2468; x_wconf 86' lang='lat' dir='ltr'>Epikurischen</span> <span class='ocrx_word' id='word_1_204' title='bbox 1973 2399 2169 2453; x_wconf 81' lang='lat' dir='ltr'>Lehre.</span> <span class='ocrx_word' id='word_1_205' title='bbox 2206 2431 2277 2442; x_wconf 89' lang='lat'>—-</span> <span class='ocrx_word' id='word_1_206' title='bbox 2323 2416 2372 2453; x_wconf 82' lang='lat' dir='ltr'>v.</span> <span class='ocrx_word' id='word_1_207' title='bbox 2418 2403 2533 2454; x_wconf 93' lang='grc'><strong>100.</strong></span> <span class='ocrx_word' id='word_1_208' title='bbox 2578 2399 2805 2454; x_wconf 70' lang='lat' dir='ltr'>Iudaeus</span> 
     </span>
     <span class='ocr_line' id='line_1_21' title="bbox 542 2487 2806 2558; baseline -0 -13"><span class='ocrx_word' id='word_1_209' title='bbox 542 2489 758 2557; x_wconf 80' lang='lat' dir='ltr'>Apella.</span> <span class='ocrx_word' id='word_1_210' title='bbox 833 2487 935 2543; x_wconf 84' lang='lat' dir='ltr'>Die</span> <span class='ocrx_word' id='word_1_211' title='bbox 989 2487 1242 2543; x_wconf 81' lang='lat' dir='ltr'>Scholien</span> <span class='ocrx_word' id='word_1_212' title='bbox 1285 2488 1520 2543; x_wconf 88' lang='lat' dir='ltr'>nehmen</span> <span class='ocrx_word' id='word_1_213' title='bbox 1558 2488 1761 2558; x_wconf 75' lang='lat' dir='ltr'>Apella</span> <span class='ocrx_word' id='word_1_214' title='bbox 1807 2488 1887 2543; x_wconf 79' lang='lat' dir='ltr'>als</span> <span class='ocrx_word' id='word_1_215' title='bbox 1942 2487 2029 2541; x_wconf 89' lang='lat' dir='ltr'>ein</span> <span class='ocrx_word' id='word_1_216' title='bbox 2074 2503 2271 2543; x_wconf 71' lang='lat' dir='ltr'>nomen</span> <span class='ocrx_word' id='word_1_217' title='bbox 2309 2489 2498 2555; x_wconf 71' lang='lat' dir='ltr'>fictum</span> <span class='ocrx_word' id='word_1_218' title='bbox 2540 2506 2579 2543; x_wconf 87' lang='lat' dir='ltr'>a</span> <span class='ocrx_word' id='word_1_219' title='bbox 2621 2488 2806 2556; x_wconf 59' lang='lat' dir='ltr'>desedit</span> 
     </span>
     <span class='ocr_line' id='line_1_22' title="bbox 536 2568 2807 2648; baseline 0 -18"><span class='ocrx_word' id='word_1_220' title='bbox 536 2568 840 2646; x_wconf 77' lang='lat' dir='ltr'>praeputii.</span> <span class='ocrx_word' id='word_1_221' title='bbox 912 2575 1194 2646; x_wconf 84' lang='lat' dir='ltr'>Richtiger</span> <span class='ocrx_word' id='word_1_222' title='bbox 1239 2577 1471 2646; x_wconf 80' lang='lat' dir='ltr'>Bentley</span> <span class='ocrx_word' id='word_1_223' title='bbox 1515 2576 1697 2647; x_wconf 85' lang='lat' dir='ltr'>Epist.</span> <span class='ocrx_word' id='word_1_224' title='bbox 1748 2577 1818 2631; x_wconf 81' lang='lat' dir='ltr'>ad</span> <span class='ocrx_word' id='word_1_225' title='bbox 1855 2576 1988 2631; x_wconf 85' lang='lat' dir='ltr'>Mill.</span> <span class='ocrx_word' id='word_1_226' title='bbox 2037 2594 2089 2646; x_wconf 91' lang='lat' dir='ltr'>p.</span> <span class='ocrx_word' id='word_1_227' title='bbox 2131 2580 2236 2631; x_wconf 82' lang='lat'>520</span> <span class='ocrx_word' id='word_1_228' title='bbox 2284 2577 2366 2632; x_wconf 77' lang='lat' dir='ltr'>ed.</span> <span class='ocrx_word' id='word_1_229' title='bbox 2405 2577 2590 2648; x_wconf 81' lang='lat' dir='ltr'>Lips.,</span> <span class='ocrx_word' id='word_1_230' title='bbox 2636 2594 2714 2632; x_wconf 70' lang='lat' dir='ltr'>wo</span> <span class='ocrx_word' id='word_1_231' title='bbox 2757 2592 2807 2630; x_wconf 86' lang='lat' dir='ltr'>er</span> 
     </span>
     <span class='ocr_line' id='line_1_23' title="bbox 544 2664 2809 2737; baseline 0 -19"><span class='ocrx_word' id='word_1_232' title='bbox 544 2682 650 2719; x_wconf 88' lang='lat' dir='ltr'>von</span> <span class='ocrx_word' id='word_1_233' title='bbox 675 2665 775 2719; x_wconf 87' lang='lat' dir='ltr'>der</span> <span class='ocrx_word' id='word_1_234' title='bbox 804 2665 1107 2720; x_wconf 73' lang='lat' dir='ltr'>romischen</span> <span class='ocrx_word' id='word_1_235' title='bbox 1134 2664 1371 2734; x_wconf 87' lang='lat' dir='ltr'>Endung</span> <span class='ocrx_word' id='word_1_236' title='bbox 1405 2665 1461 2718; x_wconf 87' lang='lat' dir='ltr'>in</span> <span class='ocrx_word' id='word_1_237' title='bbox 1497 2681 1536 2718; x_wconf 86' lang='lat' dir='ltr'>a</span> <span class='ocrx_word' id='word_1_238' title='bbox 1573 2666 1670 2719; x_wconf 86' lang='lat' dir='ltr'>der</span> <span class='ocrx_word' id='word_1_239' title='bbox 1707 2664 1903 2733; x_wconf 85' lang='lat' dir='ltr'>griech.</span> <span class='ocrx_word' id='word_1_240' title='bbox 1932 2666 2140 2719; x_wconf 82' lang='lat' dir='ltr'>Namen</span> <span class='ocrx_word' id='word_1_241' title='bbox 2178 2665 2276 2720; x_wconf 81' lang='lat' dir='ltr'>auf</span> <span class='ocrx_word' id='word_1_242' title='bbox 2306 2682 2372 2737; x_wconf 65' lang='lat' dir='ltr'>ae</span> <span class='ocrx_word' id='word_1_243' title='bbox 2408 2667 2643 2737; x_wconf 83' lang='lat' dir='ltr'>spricht:</span> <span class='ocrx_word' id='word_1_244' title='bbox 2680 2664 2809 2720; x_wconf 76' lang='lat' dir='ltr'>unde</span> 
     </span>
     <span class='ocr_line' id='line_1_24' title="bbox 543 2752 2807 2823; baseline 0.001 -15"><span class='ocrx_word' id='word_1_245' title='bbox 543 2752 685 2809; x_wconf 80' lang='lat' dir='ltr'>illud</span> <span class='ocrx_word' id='word_1_246' title='bbox 717 2754 979 2822; x_wconf 78' lang='lat' dir='ltr'>Horatii,</span> <span class='ocrx_word' id='word_1_247' title='bbox 1017 2753 1207 2808; x_wconf 84' lang='lat' dir='ltr'>eredat</span> <span class='ocrx_word' id='word_1_248' title='bbox 1239 2753 1487 2807; x_wconf 72' lang='lat' dir='ltr'>Iudaeus</span> <span class='ocrx_word' id='word_1_249' title='bbox 1524 2755 1725 2823; x_wconf 81' lang='lat' dir='ltr'>Apella</span> <span class='ocrx_word' id='word_1_250' title='bbox 1760 2754 1795 2808; x_wconf 87' lang='lat' dir='ltr'>i.</span> <span class='ocrx_word' id='word_1_251' title='bbox 1835 2770 1875 2808; x_wconf 83' lang='lat' dir='ltr'>e.</span> <span class='ocrx_word' id='word_1_252' title='bbox 1917 2755 2098 2822; x_wconf 73' lang='lat' dir='ltr'>quivis</span> <span class='ocrx_word' id='word_1_253' title='bbox 2130 2753 2394 2823; x_wconf 76' lang='lat' dir='ltr'>Iudaeus,</span> <span class='ocrx_word' id='word_1_254' title='bbox 2430 2762 2495 2811; x_wconf 79' lang='lat' dir='ltr'>ut</span> <span class='ocrx_word' id='word_1_255' title='bbox 2528 2758 2699 2811; x_wconf 73' lang='lat' dir='ltr'>locum</span> <span class='ocrx_word' id='word_1_256' title='bbox 2729 2772 2807 2810; x_wconf 75' lang='lat' dir='ltr'>ex·</span> 
     </span>
     <span class='ocr_line' id='line_1_25' title="bbox 541 2842 2807 2911; baseline 0.001 -15"><span class='ocrx_word' id='word_1_257' title='bbox 541 2844 762 2910; x_wconf 75' lang='lat' dir='ltr'>planem</span> <span class='ocrx_word' id='word_1_258' title='bbox 799 2857 1012 2911; x_wconf 73' lang='lat' dir='ltr'>parum</span> <span class='ocrx_word' id='word_1_259' title='bbox 1056 2842 1162 2896; x_wconf 79' lang='lat' dir='ltr'>hac</span> <span class='ocrx_word' id='word_1_260' title='bbox 1208 2843 1470 2895; x_wconf 81' lang='lat' dir='ltr'>memoria</span> <span class='ocrx_word' id='word_1_261' title='bbox 1514 2843 1854 2897; x_wconf 80' lang='lat' dir='ltr'>intellectum.</span> <span class='ocrx_word' id='word_1_262' title='bbox 1925 2842 2130 2897; x_wconf 83' lang='lat' dir='ltr'>Iudaei</span> <span class='ocrx_word' id='word_1_263' title='bbox 2170 2843 2502 2899; x_wconf 79' lang='lat' dir='ltr'>habitabant</span> <span class='ocrx_word' id='word_1_264' title='bbox 2533 2851 2692 2899; x_wconf 74' lang='lat' dir='ltr'>trans</span> <span class='ocrx_word' id='word_1_265' title='bbox 2732 2845 2807 2899; x_wconf 83' lang='lat' dir='ltr'>Ti-</span> 
     </span>
     <span class='ocr_line' id='line_1_26' title="bbox 547 2930 2809 3001; baseline 0 -16"><span class='ocrx_word' id='word_1_266' title='bbox 547 2931 743 2999; x_wconf 81' lang='lat' dir='ltr'>berim,</span> <span class='ocrx_word' id='word_1_267' title='bbox 789 2935 842 2985; x_wconf 81' lang='lat' dir='ltr'>et</span> <span class='ocrx_word' id='word_1_268' title='bbox 885 2933 1055 2986; x_wconf 81' lang='lat' dir='ltr'>multo</span> <span class='ocrx_word' id='word_1_269' title='bbox 1103 2932 1404 2984; x_wconf 71' lang='lat' dir='ltr'>mximam</span> <span class='ocrx_word' id='word_1_270' title='bbox 1442 2935 1660 2998; x_wconf 79' lang='lat' dir='ltr'>partem</span> <span class='ocrx_word' id='word_1_271' title='bbox 1693 2937 1855 2985; x_wconf 81' lang='lat' dir='ltr'>erant</span> <span class='ocrx_word' id='word_1_272' title='bbox 1887 2930 2158 3000; x_wconf 77' lang='lat' dir='ltr'>libertini,</span> <span class='ocrx_word' id='word_1_273' title='bbox 2204 2937 2267 2987; x_wconf 80' lang='lat' dir='ltr'>ut</span> <span class='ocrx_word' id='word_1_274' title='bbox 2302 2934 2513 3001; x_wconf 69' lang='lat' dir='ltr'>fatetur</span> <span class='ocrx_word' id='word_1_275' title='bbox 2552 2934 2712 2989; x_wconf 78' lang='lat' dir='ltr'>Philo</span> <span class='ocrx_word' id='word_1_276' title='bbox 2754 2932 2809 2985; x_wconf 66' lang='lat' dir='ltr'>in</span> 
     </span>
     <span class='ocr_line' id='line_1_27' title="bbox 547 3018 2811 3089; baseline 0 -16"><span class='ocrx_word' id='word_1_277' title='bbox 547 3021 708 3089; x_wconf 67' lang='lat' dir='ltr'>legat.</span> <span class='ocrx_word' id='word_1_278' title='bbox 747 3018 825 3073; x_wconf 87' lang='lat' dir='ltr'>ad</span> <span class='ocrx_word' id='word_1_279' title='bbox 861 3018 1069 3073; x_wconf 83' lang='lat' dir='ltr'>Gaium.</span> <span class='ocrx_word' id='word_1_280' title='bbox 1143 3019 1344 3087; x_wconf 76' lang='lat' dir='ltr'>Apella</span> <span class='ocrx_word' id='word_1_281' title='bbox 1388 3024 1569 3071; x_wconf 83' lang='lat' dir='ltr'>autem</span> <span class='ocrx_word' id='word_1_282' title='bbox 1605 3019 1984 3073; x_wconf 78' lang='lat' dir='ltr'>libertinorum</span> <span class='ocrx_word' id='word_1_283' title='bbox 2018 3026 2099 3074; x_wconf 81' lang='lat' dir='ltr'>est</span> <span class='ocrx_word' id='word_1_284' title='bbox 2132 3035 2355 3087; x_wconf 76' lang='lat' dir='ltr'>nomen,</span> <span class='ocrx_word' id='word_1_285' title='bbox 2401 3022 2541 3076; x_wconf 65' lang='lat' dir='ltr'>saeifl</span> <span class='ocrx_word' id='word_1_286' title='bbox 2571 3023 2811 3089; x_wconf 71' lang='lat' dir='ltr'>frequens</span> 
     </span>
     <span class='ocr_line' id='line_1_28' title="bbox 546 3107 2811 3177; baseline 0 -16"><span class='ocrx_word' id='word_1_287' title='bbox 546 3108 609 3161; x_wconf 80' lang='lat' dir='ltr'>in</span> <span class='ocrx_word' id='word_1_288' title='bbox 654 3107 1110 3175; x_wconf 70' lang='lat' dir='ltr'>inseripiionibus</span> <span class='ocrx_word' id='word_1_289' title='bbox 1154 3108 1390 3161; x_wconf 61' lang='lat' dir='ltr'>vetusti&amp;</span> <span class='ocrx_word' id='word_1_290' title='bbox 1464 3108 1570 3162; x_wconf 83' lang='lat' dir='ltr'>Cic.</span> <span class='ocrx_word' id='word_1_291' title='bbox 1608 3108 1717 3175; x_wconf 78' lang='lat' dir='ltr'>Ep.</span> <span class='ocrx_word' id='word_1_292' title='bbox 1757 3113 1791 3163; x_wconf 85' lang='lat'><em>7</em></span> <span class='ocrx_word' id='word_1_293' title='bbox 1801 3150 1816 3176; x_wconf 90' lang='lat'><em>‚</em></span> <span class='ocrx_word' id='word_1_294' title='bbox 1854 3112 1927 3162; x_wconf 80' lang='lat'>25</span> <span class='ocrx_word' id='word_1_295' title='bbox 1972 3110 2060 3162; x_wconf 89' lang='lat' dir='ltr'>Ne</span> <span class='ocrx_word' id='word_1_296' title='bbox 2097 3110 2325 3177; x_wconf 79' lang='lat' dir='ltr'>Apellae</span> <span class='ocrx_word' id='word_1_297' title='bbox 2372 3108 2593 3177; x_wconf 80' lang='lat' dir='ltr'>quidem</span> <span class='ocrx_word' id='word_1_298' title='bbox 2637 3109 2811 3164; x_wconf 74' lang='lat' dir='ltr'>liberto</span> 
     </span>
     <span class='ocr_line' id='line_1_29' title="bbox 547 3194 2811 3265; baseline 0 -16"><span class='ocrx_word' id='word_1_299' title='bbox 547 3200 640 3249; x_wconf 79' lang='lat' dir='ltr'>tuo</span> <span class='ocrx_word' id='word_1_300' title='bbox 676 3194 897 3249; x_wconf 72' lang='lat' dir='ltr'>dixeris</span> <span class='ocrx_word' id='word_1_301' title='bbox 981 3196 1179 3264; x_wconf 77' lang='lat' dir='ltr'>Itaque</span> <span class='ocrx_word' id='word_1_302' title='bbox 1216 3194 1418 3250; x_wconf 76' lang='lat' dir='ltr'>Oredat</span> <span class='ocrx_word' id='word_1_303' title='bbox 1451 3196 1700 3249; x_wconf 73' lang='lat' dir='ltr'>Iudaeue</span> <span class='ocrx_word' id='word_1_304' title='bbox 1734 3197 1959 3265; x_wconf 61' lang='lat' dir='ltr'>Apella,</span> <span class='ocrx_word' id='word_1_305' title='bbox 1998 3198 2163 3265; x_wconf 68' lang='lat' dir='ltr'>quasi</span> <span class='ocrx_word' id='word_1_306' title='bbox 2196 3202 2256 3251; x_wconf 64' lang='lat' dir='ltr'>tu</span> <span class='ocrx_word' id='word_1_307' title='bbox 2292 3197 2476 3265; x_wconf 76' lang='lat' dir='ltr'>dicae,</span> <span class='ocrx_word' id='word_1_308' title='bbox 2516 3197 2703 3253; x_wconf 67' lang='lat' dir='ltr'>credat</span> <span class='ocrx_word' id='word_1_309' title='bbox 2732 3212 2811 3249; x_wconf 69' lang='lat' dir='ltr'>su-</span> 
     </span>
     <span class='ocr_line' id='line_1_30' title="bbox 540 3283 2815 3355; baseline -0 -18"><span class='ocrx_word' id='word_1_310' title='bbox 540 3283 894 3351; x_wconf 68' lang='lat' dir='ltr'>perstitiosus</span> <span class='ocrx_word' id='word_1_311' title='bbox 931 3285 1136 3352; x_wconf 75' lang='lat' dir='ltr'>aliquis</span> <span class='ocrx_word' id='word_1_312' title='bbox 1167 3284 1413 3338; x_wconf 74' lang='lat' dir='ltr'>Iudaeus</span> <span class='ocrx_word' id='word_1_313' title='bbox 1451 3284 1916 3340; x_wconf 58' lang='lat' dir='ltr'>Transtiberinae&amp;</span> <span class='ocrx_word' id='word_1_314' title='bbox 1966 3285 2037 3340; x_wconf 88' lang='lat' dir='ltr'>So</span> <span class='ocrx_word' id='word_1_315' title='bbox 2075 3286 2233 3341; x_wconf 80' lang='lat' dir='ltr'>hatte</span> <span class='ocrx_word' id='word_1_316' title='bbox 2269 3286 2387 3341; x_wconf 82' lang='lat' dir='ltr'>dies</span> <span class='ocrx_word' id='word_1_317' title='bbox 2425 3287 2625 3355; x_wconf 77' lang='lat' dir='ltr'>Apella</span> <span class='ocrx_word' id='word_1_318' title='bbox 2661 3285 2815 3340; x_wconf 84' lang='lat' dir='ltr'>sehon</span> 
     </span>
     <span class='ocr_line' id='line_1_31' title="bbox 548 3370 2813 3445; baseline -0 -21"><span class='ocrx_word' id='word_1_319' title='bbox 548 3371 747 3425; x_wconf 87' lang='lat' dir='ltr'>vorher</span> <span class='ocrx_word' id='word_1_320' title='bbox 779 3370 1034 3426; x_wconf 79' lang='lat' dir='ltr'>Gataker.</span> <span class='ocrx_word' id='word_1_321' title='bbox 1076 3371 1304 3426; x_wconf 80' lang='lat' dir='ltr'>Advers.</span> <span class='ocrx_word' id='word_1_322' title='bbox 1343 3371 1573 3426; x_wconf 84' lang='lat' dir='ltr'>Miscell.</span> <span class='ocrx_word' id='word_1_323' title='bbox 1620 3374 1899 3433; x_wconf 83' lang='lat' dir='ltr'>Posthum.</span> <span class='ocrx_word' id='word_1_324' title='bbox 1952 3390 1994 3428; x_wconf 86' lang='lat' dir='ltr'>c.</span> <span class='ocrx_word' id='word_1_325' title='bbox 2036 3378 2104 3430; x_wconf 86' lang='lat'>35</span> <span class='ocrx_word' id='word_1_326' title='bbox 2151 3392 2202 3445; x_wconf 89' lang='lat' dir='ltr'>p.</span> <span class='ocrx_word' id='word_1_327' title='bbox 2244 3378 2346 3429; x_wconf 89' lang='lat'>790</span> <span class='ocrx_word' id='word_1_328' title='bbox 2387 3373 2443 3427; x_wconf 89' lang='lat' dir='ltr'>C.</span> <span class='ocrx_word' id='word_1_329' title='bbox 2494 3387 2813 3445; x_wconf 83' lang='lat' dir='ltr'>genommen.</span> 
     </span>
     <span class='ocr_line' id='line_1_32' title="bbox 547 3458 2816 3531; baseline 0.001 -19"><span class='ocrx_word' id='word_1_330' title='bbox 547 3493 616 3502; x_wconf 91' lang='lat'>--</span> <span class='ocrx_word' id='word_1_331' title='bbox 654 3475 702 3513; x_wconf 81' lang='lat' dir='ltr'>v.</span> <span class='ocrx_word' id='word_1_332' title='bbox 748 3463 862 3517; x_wconf 90' lang='lat'>101.</span> <span class='ocrx_word' id='word_1_333' title='bbox 905 3476 1156 3530; x_wconf 61' lang='lat' dir='ltr'>mamque</span> <span class='ocrx_word' id='word_1_334' title='bbox 1206 3459 1337 3514; x_wconf 78' lang='lat' dir='ltr'>deos</span> <span class='ocrx_word' id='word_1_335' title='bbox 1381 3459 1569 3515; x_wconf 83' lang='lat' dir='ltr'>didici.</span> <span class='ocrx_word' id='word_1_336' title='bbox 1602 3482 1611 3489; x_wconf 67' lang='grc'><strong>’</strong></span> <span class='ocrx_word' id='word_1_337' title='bbox 1645 3461 1784 3516; x_wconf 85' lang='lat' dir='ltr'>Vom</span> <span class='ocrx_word' id='word_1_338' title='bbox 1819 3462 2048 3531; x_wconf 86' lang='lat' dir='ltr'>Epicur,</span> <span class='ocrx_word' id='word_1_339' title='bbox 2094 3464 2233 3517; x_wconf 83' lang='lat' dir='ltr'>nach</span> <span class='ocrx_word' id='word_1_340' title='bbox 2281 3463 2481 3519; x_wconf 79' lang='lat' dir='ltr'>dessen</span> <span class='ocrx_word' id='word_1_341' title='bbox 2518 3463 2695 3519; x_wconf 82' lang='lat' dir='ltr'>Lehre</span> <span class='ocrx_word' id='word_1_342' title='bbox 2737 3458 2816 3514; x_wconf 81' lang='lat' dir='ltr'>die</span> 
     </span>
     <span class='ocr_line' id='line_1_33' title="bbox 548 3542 2815 3621; baseline 0.001 -20"><span class='ocrx_word' id='word_1_343' title='bbox 548 3548 746 3603; x_wconf 69' lang='lat' dir='ltr'>Gotter</span> <span class='ocrx_word' id='word_1_344' title='bbox 792 3548 1205 3603; x_wconf 80' lang='lat' dir='ltr'>unbekfimmert</span> <span class='ocrx_word' id='word_1_345' title='bbox 1252 3566 1342 3603; x_wconf 88' lang='lat' dir='ltr'>um</span> <span class='ocrx_word' id='word_1_346' title='bbox 1390 3549 1477 3605; x_wconf 87' lang='lat' dir='ltr'>die</span> <span class='ocrx_word' id='word_1_347' title='bbox 1514 3551 1956 3621; x_wconf 77' lang='lat' dir='ltr'>Weltregierung</span> <span class='ocrx_word' id='word_1_348' title='bbox 1998 3551 2054 3605; x_wconf 87' lang='lat' dir='ltr'>in</span> <span class='ocrx_word' id='word_1_349' title='bbox 2110 3551 2217 3605; x_wconf 90' lang='lat' dir='ltr'>den</span> <span class='ocrx_word' id='word_1_350' title='bbox 2262 3550 2509 3607; x_wconf 59' lang='lat' dir='ltr'>Raumen</span> <span class='ocrx_word' id='word_1_351' title='bbox 2558 3542 2815 3607; x_wconf 75' lang='lat' dir='ltr'>zwisehen</span> 
     </span>
     <span class='ocr_line' id='line_1_34' title="bbox 552 3636 2819 3709; baseline 0 -18"><span class='ocrx_word' id='word_1_352' title='bbox 552 3636 657 3691; x_wconf 86' lang='lat' dir='ltr'>den</span> <span class='ocrx_word' id='word_1_353' title='bbox 693 3637 914 3692; x_wconf 86' lang='lat' dir='ltr'>Welten</span> <span class='ocrx_word' id='word_1_354' title='bbox 951 3637 1207 3709; x_wconf 58' lang='lat' dir='ltr'>unthdtig</span> <span class='ocrx_word' id='word_1_355' title='bbox 1240 3637 1312 3691; x_wconf 89' lang='lat' dir='ltr'>im</span> <span class='ocrx_word' id='word_1_356' title='bbox 1349 3638 1548 3694; x_wconf 81' lang='lat' dir='ltr'>Gefuhl</span> <span class='ocrx_word' id='word_1_357' title='bbox 1584 3638 1731 3694; x_wconf 85' lang='lat' dir='ltr'>ihrer</span> <span class='ocrx_word' id='word_1_358' title='bbox 1768 3638 2030 3709; x_wconf 81' lang='lat' dir='ltr'>Seligkeit</span> <span class='ocrx_word' id='word_1_359' title='bbox 2068 3640 2242 3695; x_wconf 87' lang='lat' dir='ltr'>leben.</span> <span class='ocrx_word' id='word_1_360' title='bbox 2282 3640 2397 3695; x_wconf 88' lang='lat' dir='ltr'>Der</span> <span class='ocrx_word' id='word_1_361' title='bbox 2432 3646 2581 3695; x_wconf 84' lang='lat' dir='ltr'>erste</span> <span class='ocrx_word' id='word_1_362' title='bbox 2617 3640 2819 3708; x_wconf 75' lang='lat' dir='ltr'>Haupt·</span> 
     </span>
     <span class='ocr_line' id='line_1_35' title="bbox 551 3724 2819 3802; baseline -0 -23"><span class='ocrx_word' id='word_1_363' title='bbox 551 3733 671 3781; x_wconf 79' lang='lat' dir='ltr'>satz</span> <span class='ocrx_word' id='word_1_364' title='bbox 712 3725 809 3780; x_wconf 86' lang='lat' dir='ltr'>der</span> <span class='ocrx_word' id='word_1_365' title='bbox 844 3726 1239 3796; x_wconf 85' lang='lat' dir='ltr'>Epicurischen</span> <span class='ocrx_word' id='word_1_366' title='bbox 1283 3727 1634 3798; x_wconf 85' lang='lat' dir='ltr'>Philosophie</span> <span class='ocrx_word' id='word_1_367' title='bbox 1674 3727 1762 3783; x_wconf 90' lang='lat' dir='ltr'>bei</span> <span class='ocrx_word' id='word_1_368' title='bbox 1796 3727 1980 3783; x_wconf 75' lang='lat' dir='ltr'>Laert.</span> <span class='ocrx_word' id='word_1_369' title='bbox 2027 3732 2117 3797; x_wconf 89' lang='lat'>10,</span> <span class='ocrx_word' id='word_1_370' title='bbox 2162 3731 2261 3783; x_wconf 89' lang='grc'>139</span> <span class='ocrx_word' id='word_1_371' title='bbox 2295 3729 2399 3798; x_wconf 87' lang='lat' dir='ltr'>ist,</span> <span class='ocrx_word' id='word_1_372' title='bbox 2442 3729 2521 3783; x_wconf 87' lang='grc' dir='ltr'>Τὸ</span> <span class='ocrx_word' id='word_1_373' title='bbox 2557 3724 2819 3802; x_wconf 75' lang='grc' dir='ltr'>μακάριον</span> 
     </span>
     <span class='ocr_line' id='line_1_36' title="bbox 551 3807 2817 3891; baseline -0.001 -23"><span class='ocrx_word' id='word_1_374' title='bbox 551 3817 643 3868; x_wconf 73' lang='grc' dir='ltr'>καὶ</span> <span class='ocrx_word' id='word_1_375' title='bbox 689 3807 985 3885; x_wconf 73' lang='grc' dir='ltr'>ἄφθαρτον</span> <span class='ocrx_word' id='word_1_376' title='bbox 1023 3808 1155 3868; x_wconf 75' lang='grc' dir='ltr'>οὔτε</span> <span class='ocrx_word' id='word_1_377' title='bbox 1199 3812 1331 3871; x_wconf 73' lang='grc' dir='ltr'><strong>αὐτὸ</strong></span> <span class='ocrx_word' id='word_1_378' title='bbox 1379 3815 1680 3889; x_wconf 74' lang='grc' dir='ltr'>πράγματα</span> <span class='ocrx_word' id='word_1_379' title='bbox 1716 3814 1855 3885; x_wconf 79' lang='grc' dir='ltr'><strong><em>ἔχει,</em></strong></span> <span class='ocrx_word' id='word_1_380' title='bbox 1892 3810 2019 3870; x_wconf 76' lang='grc' dir='ltr'><em>οὕτε</em></span> <span class='ocrx_word' id='word_1_381' title='bbox 2054 3811 2203 3886; x_wconf 77' lang='grc' dir='ltr'><strong><em>ἄλλῳ</em></strong></span> <span class='ocrx_word' id='word_1_382' title='bbox 2238 3821 2486 3891; x_wconf 78' lang='grc' dir='ltr'>παρέχει.</span> <span class='ocrx_word' id='word_1_383' title='bbox 2566 3817 2683 3887; x_wconf 81' lang='lat' dir='ltr'>Vgl.</span> <span class='ocrx_word' id='word_1_384' title='bbox 2722 3812 2817 3867; x_wconf 79' lang='lat' dir='ltr'>Cic.</span> 
     </span>
     <span class='ocr_line' id='line_1_37' title="bbox 553 3902 2817 3972; baseline 0 -16"><span class='ocrx_word' id='word_1_385' title='bbox 553 3902 620 3956; x_wconf 89' lang='lat' dir='ltr'>de</span> <span class='ocrx_word' id='word_1_386' title='bbox 645 3911 755 3957; x_wconf 80' lang='lat' dir='ltr'>nat.</span> <span class='ocrx_word' id='word_1_387' title='bbox 786 3902 931 3957; x_wconf 87' lang='lat' dir='ltr'>deor.</span> <span class='ocrx_word' id='word_1_388' title='bbox 965 3909 1009 3972; x_wconf 84' lang='lat'>1,</span> <span class='ocrx_word' id='word_1_389' title='bbox 1044 3908 1106 3958; x_wconf 94' lang='grc'>17</span> <span class='ocrx_word' id='word_1_390' title='bbox 1131 3903 1228 3959; x_wconf 88' lang='lat' dir='ltr'>mit</span> <span class='ocrx_word' id='word_1_391' title='bbox 1267 3904 1315 3957; x_wconf 89' lang='lat' dir='ltr'>d.</span> <span class='ocrx_word' id='word_1_392' title='bbox 1359 3903 1506 3959; x_wconf 85' lang='lat' dir='ltr'>Note</span> <span class='ocrx_word' id='word_1_393' title='bbox 1533 3920 1638 3959; x_wconf 80' lang='lat' dir='ltr'>von</span> <span class='ocrx_word' id='word_1_394' title='bbox 1664 3904 1880 3959; x_wconf 81' lang='lat' dir='ltr'>Davies.</span> <span class='ocrx_word' id='word_1_395' title='bbox 1950 3904 2204 3960; x_wconf 76' lang='lat' dir='ltr'>Offenbar</span> <span class='ocrx_word' id='word_1_396' title='bbox 2241 3906 2516 3961; x_wconf 81' lang='lat' dir='ltr'>schwebte</span> <span class='ocrx_word' id='word_1_397' title='bbox 2552 3905 2672 3959; x_wconf 89' lang='lat' dir='ltr'>hier</span> <span class='ocrx_word' id='word_1_398' title='bbox 2705 3903 2817 3957; x_wconf 87' lang='lat' dir='ltr'>dem</span> 
     </span>
     <span class='ocr_line' id='line_1_38' title="bbox 551 3991 2821 4063; baseline 0 -18"><span class='ocrx_word' id='word_1_399' title='bbox 551 3991 733 4046; x_wconf 79' lang='lat' dir='ltr'>Horaz</span> <span class='ocrx_word' id='word_1_400' title='bbox 774 3991 873 4045; x_wconf 85' lang='lat' dir='ltr'>der</span> <span class='ocrx_word' id='word_1_401' title='bbox 913 3993 1276 4048; x_wconf 85' lang='lat' dir='ltr'>Lucrezische</span> <span class='ocrx_word' id='word_1_402' title='bbox 1300 3994 1441 4046; x_wconf 75' lang='lat' dir='ltr'>Vere</span> <span class='ocrx_word' id='word_1_403' title='bbox 1480 4009 1579 4047; x_wconf 83' lang='lat' dir='ltr'>vor</span> <span class='ocrx_word' id='word_1_404' title='bbox 1604 3996 1654 4062; x_wconf 85' lang='lat'>5,</span> <span class='ocrx_word' id='word_1_405' title='bbox 1693 3997 1762 4048; x_wconf 80' lang='lat'>83</span> <span class='ocrx_word' id='word_1_406' title='bbox 1798 4010 1849 4048; x_wconf 92' lang='lat' dir='ltr'>u.</span> <span class='ocrx_word' id='word_1_407' title='bbox 1891 3995 1940 4063; x_wconf 90' lang='lat'>6,</span> <span class='ocrx_word' id='word_1_408' title='bbox 1982 3998 2049 4048; x_wconf 79' lang='lat'>57</span> <span class='ocrx_word' id='word_1_409' title='bbox 2085 3996 2237 4049; x_wconf 79' lang='lat' dir='ltr'>Nam</span> <span class='ocrx_word' id='word_1_410' title='bbox 2273 3994 2405 4049; x_wconf 78' lang='lat' dir='ltr'>bene</span> <span class='ocrx_word' id='word_1_411' title='bbox 2440 3996 2543 4063; x_wconf 75' lang='lat' dir='ltr'>qui</span> <span class='ocrx_word' id='word_1_412' title='bbox 2576 3993 2821 4059; x_wconf 77' lang='lat' dir='ltr'>didicere,</span> 
     </span>
     <span class='ocr_line' id='line_1_39' title="bbox 553 4064 2821 4152; baseline 0 -17"><span class='ocrx_word' id='word_1_413' title='bbox 553 4082 680 4137; x_wconf 77' lang='lat' dir='ltr'>deos</span> <span class='ocrx_word' id='word_1_414' title='bbox 725 4099 977 4136; x_wconf 72' lang='lat' dir='ltr'>securum</span> <span class='ocrx_word' id='word_1_415' title='bbox 1013 4099 1177 4152; x_wconf 73' lang='lat' dir='ltr'>aye-re</span> <span class='ocrx_word' id='word_1_416' title='bbox 1214 4098 1418 4136; x_wconf 84' lang='lat' dir='ltr'>aevum.</span> <span class='ocrx_word' id='word_1_417' title='bbox 1490 4082 1674 4151; x_wconf 72' lang='lat' dir='ltr'>Aqere</span> <span class='ocrx_word' id='word_1_418' title='bbox 1710 4097 1927 4149; x_wconf 83' lang='lat' dir='ltr'>aevum,</span> <span class='ocrx_word' id='word_1_419' title='bbox 1986 4084 2202 4139; x_wconf 81' lang='lat' dir='ltr'>antiker</span> <span class='ocrx_word' id='word_1_420' title='bbox 2236 4064 2565 4139; x_wconf 63' lang='lat' dir='ltr'>Ausdruck⁶</span> <span class='ocrx_word' id='word_1_421' title='bbox 2621 4080 2821 4137; x_wconf 81' lang='lat' dir='ltr'>Ennius</span> 
     </span>
     <span class='ocr_line' id='line_1_40' title="bbox 553 4169 2819 4242; baseline 0 -19"><span class='ocrx_word' id='word_1_422' title='bbox 553 4170 641 4225; x_wconf 91' lang='lat' dir='ltr'>bei</span> <span class='ocrx_word' id='word_1_423' title='bbox 678 4169 781 4223; x_wconf 89' lang='lat' dir='ltr'>Cic.</span> <span class='ocrx_word' id='word_1_424' title='bbox 826 4170 985 4225; x_wconf 82' lang='lat' dir='ltr'>Tusc.</span> <span class='ocrx_word' id='word_1_425' title='bbox 1032 4176 1085 4241; x_wconf 90' lang='lat'>1,</span> <span class='ocrx_word' id='word_1_426' title='bbox 1134 4174 1196 4224; x_wconf 85' lang='lat'>12</span> <span class='ocrx_word' id='word_1_427' title='bbox 1240 4170 1508 4227; x_wconf 69' lang='lat' dir='ltr'>Romulus</span> <span class='ocrx_word' id='word_1_428' title='bbox 1557 4172 1619 4224; x_wconf 80' lang='lat' dir='ltr'>in</span> <span class='ocrx_word' id='word_1_429' title='bbox 1654 4173 1799 4226; x_wconf 81' lang='lat' dir='ltr'>coelo</span> <span class='ocrx_word' id='word_1_430' title='bbox 1836 4186 1958 4226; x_wconf 85' lang='lat' dir='ltr'>eum</span> <span class='ocrx_word' id='word_1_431' title='bbox 1994 4171 2084 4226; x_wconf 79' lang='lat' dir='ltr'>dis</span> <span class='ocrx_word' id='word_1_432' title='bbox 2120 4175 2245 4242; x_wconf 75' lang='lat' dir='ltr'>ayit</span> <span class='ocrx_word' id='word_1_433' title='bbox 2275 4187 2479 4228; x_wconf 81' lang='lat' dir='ltr'>aevom.</span> <span class='ocrx_word' id='word_1_434' title='bbox 2517 4204 2587 4215; x_wconf 88' lang='lat'>—</span> <span class='ocrx_word' id='word_1_435' title='bbox 2620 4188 2670 4224; x_wconf 82' lang='lat' dir='ltr'>v.</span> <span class='ocrx_word' id='word_1_436' title='bbox 2714 4172 2819 4225; x_wconf 83' lang='grc'><strong>103.</strong></span> 
     </span>
     <span class='ocr_line' id='line_1_41' title="bbox 559 4259 2825 4331; baseline -0.001 -17"><span class='ocrx_word' id='word_1_437' title='bbox 559 4260 845 4327; x_wconf 72' lang='lat' dir='ltr'>Tristes,</span> <span class='ocrx_word' id='word_1_438' title='bbox 892 4261 1070 4314; x_wconf 77' lang='lat' dir='ltr'>iratos</span> <span class='ocrx_word' id='word_1_439' title='bbox 1114 4259 1248 4314; x_wconf 90' lang='lat' dir='ltr'>oder</span> <span class='ocrx_word' id='word_1_440' title='bbox 1290 4260 1545 4313; x_wconf 72' lang='lat' dir='ltr'>minaces.</span> <span class='ocrx_word' id='word_1_441' title='bbox 1622 4259 1794 4313; x_wconf 81' lang='lat' dir='ltr'>Tacit.</span> <span class='ocrx_word' id='word_1_442' title='bbox 1834 4260 1973 4314; x_wconf 86' lang='lat' dir='ltr'>Anu.</span> <span class='ocrx_word' id='word_1_443' title='bbox 2017 4264 2078 4330; x_wconf 88' lang='lat'>4,</span> <span class='ocrx_word' id='word_1_444' title='bbox 2128 4266 2193 4315; x_wconf 87' lang='lat'>71</span> <span class='ocrx_word' id='word_1_445' title='bbox 2228 4278 2476 4331; x_wconf 70' lang='lat' dir='ltr'>ynam-9,</span> <span class='ocrx_word' id='word_1_446' title='bbox 2524 4263 2725 4317; x_wconf 60' lang='lat' dir='ltr'>lenham</span> <span class='ocrx_word' id='word_1_447' title='bbox 2766 4260 2825 4312; x_wconf 70' lang='lat' dir='ltr'>in</span> 
     </span>
     <span class='ocr_line' id='line_1_42' title="bbox 555 4346 2823 4421; baseline 0.001 -21"><span class='ocrx_word' id='word_1_448' title='bbox 555 4346 892 4416; x_wconf 74' lang='lat' dir='ltr'>meditando,</span> <span class='ocrx_word' id='word_1_449' title='bbox 929 4348 1028 4403; x_wconf 85' lang='lat' dir='ltr'>ubi</span> <span class='ocrx_word' id='word_1_450' title='bbox 1044 4349 1411 4417; x_wconf 67' lang='lat' dir='ltr'>prorupisset,</span> <span class='ocrx_word' id='word_1_451' title='bbox 1452 4348 1706 4404; x_wconf 74' lang='lat' dir='ltr'>tristibus</span> <span class='ocrx_word' id='word_1_452' title='bbox 1735 4348 1897 4404; x_wconf 76' lang='lat' dir='ltr'>dietis</span> <span class='ocrx_word' id='word_1_453' title='bbox 1933 4351 2147 4405; x_wconf 80' lang='lat' dir='ltr'>atrocia</span> <span class='ocrx_word' id='word_1_454' title='bbox 2176 4351 2337 4418; x_wconf 75' lang='lat' dir='ltr'>faeta</span> <span class='ocrx_word' id='word_1_455' title='bbox 2372 4352 2716 4421; x_wconf 59' lang='lat' dir='ltr'>consumere.</span> <span class='ocrx_word' id='word_1_456' title='bbox 2754 4347 2823 4403; x_wconf 87' lang='lat' dir='ltr'>So</span> 
     </span>
    </p>
   </div>
   <div class='ocr_carea' id='block_1_4' title="bbox 2951 658 3002 3355">
    <p class='ocr_par' dir='ltr' id='par_1_5' title="bbox 2951 658 3002 3355">
     <span class='ocr_line' id='line_1_43' title="bbox 2951 658 3002 3355; baseline 0 0"><span class='ocrx_word' id='word_1_457' title='bbox 2951 658 3002 3355; x_wconf 95' lang='lat' dir='ltr'> </span> 
     </span>
    </p>
   </div>
   <div class='ocr_carea' id='block_1_5' title="bbox 2951 658 3002 3355">
    <p class='ocr_par' dir='ltr' id='par_1_6' title="bbox 2951 658 3002 3355">
     <span class='ocr_line' id='line_1_44' title="bbox 2951 658 3002 3355; baseline 0 0"><span class='ocrx_word' id='word_1_458' title='bbox 2951 658 3002 3355; x_wconf 95' lang='lat' dir='ltr'> </span> 
     </span>
    </p>
   </div>
   <div class='ocr_carea' id='block_1_6' title="bbox 2949 658 3004 3535">
    <p class='ocr_par' dir='ltr' id='par_1_7' title="bbox 2949 658 3004 3535">
     <span class='ocr_line' id='line_1_45' title="bbox 2949 658 3004 3535; baseline 0 0"><span class='ocrx_word' id='word_1_459' title='bbox 2949 658 3004 3535; x_wconf 95' lang='lat' dir='ltr'> </span> 
     </span>
    </p>
   </div>
  </div>
 </body>
</html>
