3032 5008
1682 266 1729 322 Ο

514 364 631 426 172
1366 372 1482 429 Sat.
1522 373 1568 445 1,
1605 377 1653 429 7.
1692 390 1740 429 v.
1778 377 1931 430 3-7.

642 544 945 611 Omnibus
991 550 1059 612 et
1101 546 1292 627 lippis
1335 551 1558 612 notum
1608 550 1676 611 et
1715 546 2082 615 tonsoribus
2126 565 2287 614 esse.

636 655 899 721 Persius
943 655 1047 721 hic
1087 674 1441 739 permagna
1484 657 1744 740 negotia
1785 658 1964 724 dives
2007 657 2289 725 habebat

637 763 1051 846 Clazomeni8‚
1092 767 1284 832 etiam
1332 767 1464 833 litis
1510 787 1652 833 cum
1697 768 1876 850 Rege
1920 768 2242 848 molestas,
2736 776 2770 831 5

637 877 857 942 Durus
899 876 1089 941 homo
1135 883 1328 959 atque
1373 877 1518 942 odio
1562 878 1672 959 qui
1714 883 1934 959 posset
1977 878 2231 944 vincere
2276 880 2543 961 Regem,

640 984 978 1055 Confidens
1023 987 1452 1069 tumidusque,
1498 989 1660 1054 adeo
1707 988 2021 1055 sermonis
2064 988 2285 1070 amari,

511 1219 581 1256 zu
616 1203 790 1259 Varro
828 1207 877 1272 2,
918 1207 967 1272 2,
1006 1221 1059 1273 p.
1099 1206 1218 1259 411.
1257 1237 1325 1247 —
1361 1222 1408 1258 v.
1450 1208 1498 1258 3.
1544 1204 1810 1260 Omnibus
1846 1209 1899 1258 et
1930 1207 2114 1275 lippis.
2173 1205 2350 1260 Schol.
2380 1205 2586 1276 Porph.
2627 1206 2776 1262 Adeo

508 1290 592 1343 ait
626 1289 968 1361 divulyatam
1002 1307 1142 1358 esse,
1190 1293 1389 1360 quibus
1431 1292 1610 1346 modis
1654 1294 1953 1347 insectatus
1987 1295 2061 1348 sit
2095 1294 2327 1348 Persius
2361 1294 2689 1362 Rupilium,
2724 1302 2781 1349 ut

506 1384 559 1432 et
608 1379 673 1432 in
723 1382 1016 1434 tonstrinis
1069 1381 1206 1434 baec
1258 1387 1311 1434 et
1349 1379 1635 1433 medicinis
1678 1387 1919 1435 narrata
1963 1383 2089 1435 sint.
2172 1382 2318 1436 Fere
2359 1387 2545 1436 antem
2586 1382 2655 1436 in
2700 1383 2780 1437 bis

511 1464 752 1531 officinis
799 1468 966 1521 otiosi
1006 1469 1179 1523 solent
1225 1467 1509 1522 considere
1556 1483 1622 1520 ac
1664 1483 1754 1522 res
1795 1468 2110 1522 rumoribus
2140 1470 2526 1537 frequentatas
2568 1471 2779 1538 fabulis

509 1553 797 1607 celebrare.
857 1554 991 1610 Wer
1034 1557 1182 1611 nicht
1232 1556 1423 1625 eigene
1462 1554 1695 1610 Sklaven
1736 1573 1857 1610 zum
1897 1556 2138 1611 Scheren
2177 1556 2286 1611 und
2324 1555 2558 1612 Rasiren
2594 1559 2780 1613 hulten

510 1641 732 1710 konnte,
770 1642 897 1712 ging
934 1644 1219 1713 deswegen
1258 1642 1354 1698 des
1391 1643 1651 1713 Mergens
1688 1643 1741 1697 in
1781 1644 1901 1698 eine
1941 1647 2248 1712 tonstrina,
2287 1650 2577 1716 κουρεῖον,
2618 1645 2781 1701 daher

510 1727 629 1781 hier
665 1727 763 1782 der
797 1746 990 1799 grosse
1026 1731 1486 1786 Zusammenfluss
1524 1749 1632 1786 von
1672 1733 1998 1800 Menschen,
2036 1749 2143 1788 von
2180 1732 2642 1802 Mussiggangern
2679 1733 2782 1788 und

514 1813 878 1872 Schwatzern.
956 1818 1008 1873 S.
1050 1818 1275 1874 Casaub.
1314 1836 1385 1874 zu
1424 1819 1700 1890 Theophr.
1741 1819 1896 1874 Char.
1940 1825 2020 1888 ll,
2059 1838 2112 1890 p.
2161 1823 2272 1874 137.
2346 1819 2453 1872 Εἰιι
2501 1820 2782 1876 ahnlicher

510 1904 969 1962 Zusammenfluss
995 1923 1109 1962 war
1131 1906 1187 1961 in
1214 1907 1317 1962 den
1335 1908 1622 1962 medicinis
1642 1907 1775 1962 oder
1794 1908 2038 1961 tabernis
2061 1908 2411 1976 medicorum,
2435 1907 2779 1978 dergleichen

511 1993 741 2047 taberna
777 2003 964 2049 zuerst
1000 2010 1120 2050 ums
1155 1993 1205 2049 J.
1247 1999 1349 2050 535
1387 1994 1485 2050 der
1507 1995 1737 2050 Grieche
1764 1997 2145 2065 Archagathus
2182 1996 2236 2048 iu
2263 1995 2400 2050 Rom
2428 1997 2662 2065 publice
2698 2012 2778 2052 nn·

508 2080 671 2150 legte,
710 2084 809 2150 qui
839 2084 1055 2150 primm
1093 2084 1302 2137 Romae
1337 2083 1668 2137 medicinam
1700 2085 1890 2151 facere
1913 2085 2165 2138 institnit.
2205 2082 2360 2152 (Plin.
2385 2084 2529 2138 nach
2557 2083 2774 2139 Cassius

511 2169 756 2238 Hemina,
796 2172 879 2239 29,
918 2169 987 2238 6).
1051 2171 1227 2226 Plaut.
1270 2171 1539 2241 Amphitr.
1566 2175 1618 2239 4,
1650 2178 1695 2240 1,
1724 2175 1757 2226 3
1795 2174 1945 2226 Nam
1981 2174 2158 2226 omnis
2186 2173 2406 2240 plateas
2433 2173 2776 2241 pei-reptavi,

506 2260 802 2327 gymnasia
837 2266 890 2313 et
922 2261 1258 2328 myropolia.-
1298 2259 1473 2329 Apud
1506 2262 1811 2326 emporium
1848 2265 2010 2329 atquc
2032 2261 2095 2313 in
2120 2262 2361 2328 macello,
2398 2262 2460 2314 in
2487 2262 2780 2329 palaestra

509 2352 674 2416 atque
708 2348 770 2402 in
802 2349 954 2415 foro:
992 2347 1066 2401 In
1105 2348 1417 2416 medicinis,
1463 2350 1527 2402 in
1564 2348 1880 2414 tonstrinis,
1938 2346 2093 2416 apud
2135 2349 2314 2402 omnis
2358 2347 2515 2401 aedis
2560 2355 2780 2402 sacras:

512 2434 647 2488 Sum
693 2435 932 2504 defessus
973 2435 1371 2504 quaeritandm
1416 2452 1692 2507 nusquam
1738 2436 1958 2489 invenio
2009 2436 2363 2491 Naucratem.
2444 2436 2629 2507 Lippi
2673 2435 2785 2490 hier

514 2530 654 2578 statt
691 2523 907 2579 solcher
940 2524 1278 2595 uberhaupt,
1328 2526 1531 2581 welche
1582 2524 1732 2579 diese
1767 2523 2072 2579 medicinas
2106 2525 2438 2593 besuchten,
2476 2525 2601 2579 weil
2639 2524 2783 2580 diese

513 2611 818 2667 Krankheit
856 2612 1154 2668 besonders
1191 2613 1490 2669 herrschte.
1543 2612 1651 2667 Ein
1680 2611 2033 2681 Spruchwort
2068 2613 2225 2668 hstte
2262 2611 2472 2666 freilich
2510 2612 2569 2666 in
2608 2613 2785 2668 dieser

515 2699 683 2754 Stelle
718 2699 984 2756 Erasmus
1024 2701 1161 2756 eben
1197 2718 1259 2757 so
1297 2701 1473 2771 wenig
1507 2700 1589 2756 als
1628 2699 1683 2754 in
1710 2700 1944 2755 tausend
1969 2700 2177 2756 andern
2201 2700 2386 2755 finden
2416 2700 2618 2770 sollen5
2656 2701 2782 2756 dass

517 2787 649 2842 aber
681 2787 864 2843 Horaz
901 2787 1047 2859 hier,
1095 2788 1277 2844 indem
1313 2804 1374 2844 er
1412 2789 1519 2843 den
1554 2787 1808 2858 Rupilius
1846 2787 2136 2844 lficherlich
2171 2790 2398 2844 macheu
2434 2788 2567 2857 will,
2617 2789 2781 2845 dmit

513 2874 722 2945 anfing,
779 2875 930 2932 seine
966 2878 1156 2947 eigene
1203 2876 1477 2946 lippimd'o
1523 2893 1594 2930 zu
1642 2875 1981 2946 bespotteln,
2034 2876 2252 2931 konnen
2298 2877 2395 2931 wir
2437 2877 2674 2947 Bentley
2719 2893 2780 2932 so

513 2964 688 3034 wenig
723 2964 803 3019 als
842 2981 913 3019 zu
953 2965 1065 3021 Sat.
1113 2971 1157 3034 1,
1197 2973 1336 3021 extr.
1378 2964 1628 3034 glauben.
1669 2997 1736 3007 —-
1772 2964 1907 3020 War
1932 2962 2021 3018 die
2051 2962 2224 3018 Sache
2248 2965 2380 3019 aber
2404 2963 2780 3035 stadtlmndig‚

512 3068 717 3107 warum
755 3052 967 3109 erzfflt
1004 3052 1084 3109 sie
1119 3052 1346 3108 Horaz‘?
1419 3052 1654 3121 Bentley
1689 3057 1985 3106 antwortet
2020 3051 2119 3107 mit
2167 3050 2320 3107 Ovid.
2367 3054 2433 3111 A.
2471 3055 2538 3106 A.
2581 3057 2643 3121 1,
2681 3055 2773 3109 681

516 3141 742 3196 Fabula
775 3147 911 3196 nota
945 3140 1187 3210 quidun,
1225 3140 1324 3195 sed
1357 3159 1472 3197 non
1506 3138 1748 3210 indiqna
1782 3139 2010 3207 referri,
2047 3138 2161 3194 und
2199 3140 2298 3195 der
2332 3139 2562 3195 Dichter
2602 3142 2781 3197 vollte

515 3229 602 3283 die
637 3227 928 3284 Anekdote
972 3228 1044 3283 im
1088 3228 1392 3284 Andenken
1439 3227 1703 3284 erhalten.
1759 3258 1827 3268 —
1881 3243 1928 3281 v.
1968 3230 2017 3281 4.
2072 3229 2310 3298 negotia.
2396 3227 2576 3284 Schol.
2625 3227 2780 3299 Cruq.

516 3317 667 3371 Erat
699 3318 842 3371 enim
875 3319 1183 3388 negotiator
1219 3317 1375 3387 apud
1409 3316 1783 3372 Clazomenas.
1857 3315 1981 3369 Von
2019 3313 2126 3369 den
2161 3317 2616 3386 negotiatoribus,
2654 3323 2779 3372 rom.

514 3403 787 3474 Burgern‚
836 3403 922 3459 die
966 3404 1129 3460 theils
1175 3405 1294 3460 ihre
1338 3404 1642 3475 Capitalien
1690 3419 1760 3458 an
1812 3403 1900 3459 die
1938 3402 2317 3458 Provinzialen
2354 3404 2641 3459 ausliehen
2674 3403 2782 3460 und

514 3491 571 3544 in
609 3490 716 3546 den
751 3492 1073 3563 Provinzen,
1111 3510 1195 3548 wo
1218 3493 1344 3548 kein
1370 3493 1572 3548 Gesetz
1601 3492 1707 3547 den
1727 3490 1980 3547 Zinsfuss
2004 3490 2333 3561 bestimmte,
2366 3493 2532 3559 fenus
2556 3493 2782 3561 trieben,

515 3579 678 3634 theils
717 3579 974 3636 Getreide
1021 3580 1078 3635 in
1121 3580 1219 3635 der
1261 3581 1491 3637 Provinz
1537 3580 1864 3636 aufkaufteu
1911 3579 2024 3634 und
2072 3579 2240 3635 demit
2286 3580 2425 3634 nach
2468 3579 2612 3637 Rom
2657 3583 2782 3637 lisn-

519 3667 720 3737 delten,
757 3668 854 3723 hat
893 3685 979 3723 am
1014 3670 1210 3725 besten
1246 3669 1470 3724 Ernesti
1506 3669 1563 3722 in
1601 3668 1799 3739 Opusc.
1841 3667 2031 3723 Philol.
2072 3667 2203 3723 Crit.
2243 3667 2311 3722 de
2337 3668 2782 3737 Negotiaton‘bus

515 3754 774 3811 Romanis
812 3774 866 3827 p.
907 3761 941 3812 3
977 3773 1093 3827 sqq.
1133 3756 1247 3811 und
1284 3756 1338 3810 in
1375 3756 1474 3811 der
1498 3755 1675 3812 Clavis
1702 3755 1946 3812 Ciceron.
1985 3755 2294 3825 gehandelt.
2351 3757 2594 3826 Negotia
2619 3759 2784 3815 selbst

516 3843 626 3899 fast
661 3843 851 3899 immet
885 3861 1005 3899 vom
1043 3850 1303 3914 quaestus
1338 3862 1408 3899 ex
1438 3846 1645 3912 fenore.
1709 3844 1762 3898 S.
1800 3843 1932 3898 Ern.
1972 3843 2115 3899 Clav.
2153 3877 2221 3887 —
2260 3860 2308 3897 v.
2337 3844 2384 3896 6.
2413 3843 2558 3898 odio.
2610 3843 2779 3900 Schol.

516 3932 712 3988 Acron.
743 3949 858 4003 pro
893 3934 1156 3999 molestia,
1196 3938 1259 3987 nt
1296 3933 1503 3988 Terent.
1561 3932 1711 4003 (Hee.
1755 3936 1800 4001 1,
1841 3934 1890 3999 2,
1919 3928 2022 3999 59).
2080 3934 2161 3987 At
2192 3938 2241 3988 te
2279 3931 2362 3987 dii
2396 3931 2637 4001 deaeque
2672 3947 2783 3987 cun

516 4026 609 4077 tuo
633 4023 769 4077 istoc
793 4021 941 4089 odio,
962 4021 1197 4090 Laches,
1219 4021 1369 4076 dein
1387 4037 1484 4076 em
1509 4019 2070 4089 widerwsrtigen,
2097 4020 2514 4089 gehassigen
2534 4019 2781 4075 Wesen.

516 4108 674 4163 Eben
698 4125 761 4164 so
786 4109 913 4165 ibid.
940 4114 1010 4166 48
1047 4109 1348 4165 Tundendo
1386 4116 1549 4178 atque
1585 4109 1712 4166 odio
1749 4109 2153 4177 (molestissima
2186 4107 2537 4173 assidm‘tate)
2561 4107 2783 4178 denique

521 4198 697 4273 effecit
728 4212 907 4252 senex.
980 4198 1101 4267 Vgl.
1141 4197 1316 4253 Plaut.
1356 4199 1506 4253 Asin.
1546 4202 1596 4262 2,
1636 4201 1686 4266 4,
1724 4200 1811 4253 40.
1887 4201 1936 4266 5,
1977 4200 2027 4265 2,
2068 4200 2151 4251 71.
2192 4229 2257 4239 -
2296 4212 2343 4250 v,
2384 4200 2430 4251 7.
2484 4195 2779 4264 confidens.

525 4285 704 4340 Schol.
762 4283 920 4355 Cruq.
977 4284 1270 4354 Confidens
1316 4286 1379 4341 in
1422 4288 1611 4358 malis,
1657 4285 1756 4343 sed
1791 4285 1970 4352 fidens
2011 4286 2074 4341 in
2116 4285 2289 4341 bonis.
2361 4283 2427 4338 In
2472 4283 2574 4340 der
2617 4285 2786 4340 sstem
