3032 5008
481 422 607 485 254
1303 388 1419 492 sat]
1457 434 1531 507 11,
1572 440 1617 491 1.
1657 452 1704 491 v.
1745 437 1967 492 ‘eo-⁷3.

615 602 872 671 Scilicet
914 607 1024 673 uni
1069 625 1314 690 aequus
1357 609 1584 674 virtuti
1629 613 1825 690 atque
1865 608 2002 676 eius
2048 608 2284 676 amicis.
2686 615 2773 668 ⁷0

613 713 780 792 Quin
824 717 934 783 ubi
982 736 1051 784 se
1096 737 1136 785 a
1178 719 1370 801 vulgo
1416 722 1486 784 et
1529 737 1722 785 scena
1766 720 1832 784 in
1877 725 2131 786 secreta
2172 724 2511 786 remorant

608 825 835 895 Virtus
880 827 1217 911 Scipiadae
1264 833 1334 896 et
1374 829 1549 896 mitis
1601 829 1921 913 sapientia
1963 830 2162 912 Laeli,

609 937 671 1001 N
672 939 855 1020 ugari
902 957 1045 1006 cum
1090 939 1200 1005 illo
1248 946 1316 1007 et
1358 940 1653 1007 discincti
1696 941 1940 1022 ludere,
1988 941 2190 1007 donec

481 1087 569 1144 die
606 1089 819 1146 Geissel
855 1092 954 1146 der
992 1092 1173 1148 Satire
1208 1093 1482 1163 schwang‚
1537 1092 1729 1148 lehren
1764 1094 1992 1149 manche
2028 1094 2169 1150 noch
2207 1091 2560 1148 vorhandene
2597 1092 2772 1163 Frag-

480 1186 676 1233 mente.
751 1180 1054 1237 Trebonius
1091 1181 1162 1236 ad
1197 1180 1437 1236 Ciceron.
1475 1181 1579 1252 Ep.
1619 1182 1769 1238 Fam.
1811 1185 1904 1250 12,
1946 1184 2012 1235 16
2051 1183 2126 1236 In
2160 1181 2359 1250 qui'bus
2393 1182 2688 1237 versabam
2722 1181 2777 1234 si

478 1269 580 1323 tibi
624 1269 950 1337 quibusdam
994 1270 1172 1324 verbis
1225 1269 1802 1343 εὔθυρῤημονέστερος
1847 1270 2100 1339 videbor,
2154 1270 2443 1339 turpitudo
2489 1285 2771 1339 personae

479 1357 620 1424 eius,
658 1358 720 1410 in
755 1374 920 1426 quam
956 1358 1180 1412 liberius
1214 1357 1543 1425 invehimur,
1583 1359 1687 1411 no's
1723 1357 2037 1413 vindicabit.
2076 1391 2144 1401 —-
2192 1359 2414 1413 Deinde
2448 1360 2553 1428 qui
2585 1359 2772 1428 myis

478 1445 580 1498 hoc
615 1445 836 1501 Lucilio
873 1446 1091 1500 licuerit
1124 1461 1398 1500 assumere
1434 1446 1704 1501 libertatis
1741 1463 1906 1515 quam
1941 1448 2128 1514 nobis,
2175 1462 2325 1514 cum,
2374 1448 2598 1501 etiamsi
2631 1445 2768 1501 odio

470 1535 613 1601 pari
642 1533 815 1601 fuerit
850 1533 911 1587 in
948 1549 1040 1588 eos
1074 1549 1212 1602 quos
1248 1534 1430 1600 laesit,
1478 1539 1659 1588 tamen
1710 1541 1849 1590 certe
1883 1551 1999 1590 non
2033 1536 2213 1605 ’παρίει
2248 1535 2450 1603 dignos
2485 1534 2766 1600 habim-it,

479 1623 542 1676 in
588 1637 728 1690 quos
773 1627 929 1675 tanta
966 1623 1209 1678 libertate
1246 1621 1531 1676 verborum
1565 1621 1915 1677 incurreret?
1950 1656 2019 1666 —
2066 1619 2329 1678 tributim.
2403 1622 2770 1678 Torrentius:

480 1710 726 1764 tributim
762 1709 1009 1776 additur,
1047 1714 1113 1763 ut
1143 1710 1324 1779 maqis
1359 1715 1581 1779 constet,
1619 1712 1831 1766 nemini
1864 1728 1985 1766 eum
1991 1713 2336 1786 pepercisse.
2375 1711 2587 1766 Nullus
2620 1705 2773 1764 cnivis

480 1799 692 1853 Romae
733 1798 867 1852 civis
915 1798 1119 1866 absque
1156 1797 1317 1851 tribu.
1391 1798 1554 1852 Recte
1589 1814 1719 1868 erqo
1757 1800 1986 1854 Persius
2021 1800 2093 1870 (1,
2136 1797 2254 1867 114)
2289 1798 2478 1854 Secuit
2507 1799 2776 1853 Lucilius

478 1888 680 1941 urbem.
753 1885 857 1940 Die
894 1901 1000 1940 von
1034 1884 1263 1940 Lambin
1308 1885 1755 1954 ausgenommene
1800 1886 1913 1942 und
1958 1901 2064 1943 von
2101 1888 2390 1943 Turnebus
2440 1886 2675 1941 Advers.
2717 1891 2768 1954 7,

482 1979 544 2029 11
584 1964 969 2044 vorgezogene
976 1963 1192 2028 Lesart
1224 1990 1352 2043 pop.
1390 1974 1676 2042 tributum,
1715 1973 1751 2029 f.
1781 1976 1992 2044 plebem
2025 1964 2296 2044 infimam,
2328 1976 2401 2030 ist
2438 1989 2615 2045 gegen
2656 1974 2767 2028 den

481 2062 989 2133 Sprachgebrauch,
1047 2062 1117 2116 da
1161 2063 1397 2116 tributus
1444 2062 1569 2117 blos
1617 2062 1673 2115 in
1722 2062 1819 2117 der
1863 2062 2217 2135 Verbindung
2269 2065 2493 2119 comitia
2547 2064 2765 2119 mhuta

480 2152 798 2207 vorkommt.
837 2185 906 2195 —-
942 2168 990 2205 v.
1030 2154 1111 2205 70.
1161 2151 1375 2206 Scilicet
1408 2151 1512 2204 uni
1545 2167 1656 2219 aeq.
1730 2150 1944 2206 Scilicet
1979 2161 2160 2221 erregt
2196 2151 2315 2206 hier
2349 2151 2764 2207 Animerksam—

479 2239 596 2294 keit
632 2238 731 2293 auf
763 2238 860 2294 das
898 2238 1193 2309 Folgende.
1236 2238 1288 2292 S.
1328 2239 1472 2294 Voss
1511 2257 1581 2293 zu
1619 2238 1764 2308 Virg.
1803 2238 1998 2310 Georg.
2040 2245 2087 2311 1,
2126 2243 2243 2296 282.
2282 2273 2350 2283 -
2388 2256 2436 2294 v.
2478 2244 2562 2294 71.
2609 2239 2766 2309 Quin

477 2329 589 2383 ubi.
669 2326 767 2397 Ja,
818 2342 973 2382 wenn
1022 2326 1138 2382 sich
1186 2325 1367 2396 Scipio
1418 2326 1531 2381 und
1569 2326 1758 2383 Lalius
1806 2327 1906 2383 auf
1947 2328 2068 2383 eine
2112 2328 2257 2383 Vina
2304 2328 2766 2398 zumckgezogen

478 2417 698 2484 hatten,
748 2432 861 2470 war
903 2414 1147 2470 Lucilius
1193 2416 1281 2470 ihr
1326 2414 1556 2471 liebster
1601 2414 2039 2472 Gesellschafter.
2086 2450 2154 2460 —
2208 2433 2246 2471 a
2280 2417 2447 2486 vulbo
2490 2422 2546 2472 et
2583 2432 2766 2472 scena

481 2504 660 2559 Schol.
701 2502 858 2572 Gruq.
896 2522 933 2559 a
960 2504 1183 2574 publico
1223 2510 1524 2573 conspectu.
1575 2502 1683 2559 Cic.
1725 2504 1796 2560 ad
1832 2503 1986 2560 Brut.
2022 2504 2127 2576 Ep.
2166 2508 2200 2560 9
2236 2507 2337 2561 tibi
2369 2520 2524 2560 niune
2549 2507 2770 2575 populo

482 2600 535 2646 et
567 2609 759 2648 scenae
773 2633 789 2659 ,
826 2599 888 2647 nt
925 2593 1129 2648 dicitur
1142 2634 1159 2662 ,
1198 2592 1546 2647 serviendum
1580 2599 1671 2648 est.
1744 2592 1929 2649 Daher
1965 2596 2163 2663 afferre
2196 2593 2413 2662 aliquid
2446 2596 2509 2649 in
2545 2609 2768 2649 scenam

479 2683 566 2749 (in
602 2683 856 2736 notitiam
893 2682 1158 2747 omni-nm)
1196 2680 1300 2736 Cic.
1341 2681 1409 2736 de
1444 2678 1594 2735 Orat.
1636 2684 1695 2749 3,
1734 2684 1829 2750 40,
1878 2679 1992 2736 und
2024 2683 2236 2736 minore
2270 2697 2437 2736 scena
2471 2681 2508 2736 f.
2547 2684 2766 2737 minore

478 2776 761 2839 apparatu
805 2774 858 2825 et
900 2770 1259 2825 ostentatione
1297 2769 1523 2824 Sueton.
1563 2767 1728 2839 Calig.
1770 2773 1852 2823 15.
1888 2802 1958 2812 -
2001 2771 2065 2824 in
2109 2776 2328 2825 secreta.
2402 2770 2579 2825 Tacit.
2617 2773 2766 2826 Anu.

484 2861 574 2927 14,
615 2862 683 2913 53
737 2860 1026 2928 Anqustus
1071 2858 1153 2913 M
1203 2860 1490 2929 Ayrippae
1539 2858 1896 2927 Mitylenen-se
1943 2863 2204 2912 secretum
2245 2860 2514 2926 permisit.
2604 2857 2766 2913 Suet.

481 2944 647 3016 Calig.
690 2950 758 3001 23
813 2948 995 3002 Aviae
1034 2948 1315 3002 Antoniae
1367 2952 1630 3002 secretum
1675 2947 1882 3015 petenti
1932 2944 2233 3015 deneqavit.
2312 2946 2429 3000 Fur
2472 2952 2771 3003 remorant

479 3041 623 3090 ware
666 3034 789 3089 dem
824 3033 1109 3090 Gebrauch
1145 3034 1242 3090 des
1279 3035 1462 3091 Horaz
1500 3040 1779 3105 gemasser
1814 3039 2067 3088 remorat.
2123 3034 2198 3098 S.
2239 3033 2418 3105 Bentl.
2458 3050 2532 3088 zu
2567 3033 2669 3089 Od.
2711 3040 2764 3103 1,

479 3128 565 3193 24,
606 3128 654 3178 8.
691 3140 845 3177 -v.
886 3128 968 3178 72.
1013 3122 1551 3192 VirtusScipiadae.
1598 3122 1652 3176 S.
1691 3138 1847 3176 zuv,
1894 3121 2301 3190 17undzul‚
2341 3126 2391 3191 2,
2428 3126 2514 3176 32.
2553 3124 2768 3177 -Ἳηιὲ

478 3213 550 3266 tis
586 3212 859 3281 sapientia
896 3212 1072 3268 Laeli.
1124 3211 1208 3266 Er
1241 3213 1398 3267 hatte
1434 3211 1507 3265 im
1542 3210 1829 3266 Publikum
1867 3209 1973 3265 den
2006 3209 2300 3265 Beinamen
2333 3209 2586 3277 Sapiens.
2637 3210 2768 3264 Den

480 3299 602 3355 hier
648 3300 1043 3356 bezeichneten
1087 3299 1382 3356 Chai-aeter
1429 3299 1582 3355 stellt
1620 3298 1837 3354 Ciceros
1879 3297 2081 3353 Schrift
2125 3298 2192 3352 de
2235 3300 2484 3353 amicitia
2533 3298 2650 3353 dar.
2687 3332 2763 3343 —-

481 3406 530 3442 v.
572 3392 656 3444 73.
702 3388 969 3444 discincti.
1045 3388 1222 3445 Schol.
1264 3388 1422 3457 Cruq.
1468 3405 1582 3443 non
1621 3393 1839 3456 vestem,
1884 3386 1980 3442 sed
2026 3386 2270 3455 expediti
2299 3388 2622 3447 ,maioribus
2669 3404 2763 3441 ne-

477 3478 644 3546 yotiis
679 3482 731 3531 et
766 3477 1027 3546 depositis
1059 3480 1232 3533 seriis.
1288 3476 1619 3549 (Allerdings
1656 3476 1876 3531 bezieht
1914 3476 2031 3530 sich
2069 3476 2323 3531 discincti
2356 3477 2629 3531 zunachst
2667 3474 2774 3530 auf

483 3565 569 3619 die
596 3564 885 3636 Kleidung.
927 3564 1250 3621 Oeffentlich
1285 3565 1413 3636 ging
1446 3581 1572 3620 man
1605 3564 1704 3619 mit
1740 3570 2054 3634 gegurteter
2091 3566 2278 3619 tunica
2313 3564 2387 3633 (S.
2417 3581 2489 3618 zu
2523 3569 2565 3631 1,
2591 3566 2646 3631 2,
2671 3562 2768 3629 25)

482 3653 594 3708 und
628 3653 684 3707 in
725 3654 823 3708 der
860 3656 1038 3724 Toga,
1086 3672 1157 3710 zu
1192 3654 1380 3710 Hause
1417 3671 1527 3709 war
1562 3670 1687 3709 man
1724 3652 2060 3717 discinctus.)
2129 3650 2321 3720 Scipio
2357 3653 2677 3718 Ati-icariae
2709 3656 2768 3705 et

478 3743 709 3797 Laelius
727 3745 989 3810 feruntur
1012 3749 1124 3799 tam
1155 3744 1327 3812 fuisse
1359 3744 1673 3811 famlias-es
1706 3747 1760 3797 et
1791 3742 1959 3796 amici
1979 3739 2219 3807 Lucilio,
2256 3745 2320 3793 ut
2352 3738 2596 3807 quodam
2631 3745 2762 3794 tem-

472 3849 613 3900 pore
651 3832 847 3889 Laelio
891 3836 1099 3888 circum
1139 3834 1302 3888 lectos
1345 3833 1580 3888 triclinii
1618 3830 1863 3900 fuqienti
1903 3829 2158 3884 Lucilius
2204 3829 2594 3897 superveniens
2637 3845 2767 3883 eum

482 3922 697 3977 obtorta
729 3938 938 3992 mappa
975 3923 1138 3991 quasi
1166 3922 1440 3990 feriturus
1476 3925 1803 3989 sequeretur.
1878 3917 1985 3972 Cic.
2022 3916 2091 3973 de
2126 3916 2275 3973 Orat.
2312 3920 2364 3987 2,
2402 3919 2438 3970 6
2472 3916 2652 3985 Saepe
2687 3932 2788 3983 ex,

479 4026 665 4065 socero
714 4027 829 4065 meo
876 4011 1100 4078 andivi,
1149 4019 1272 4080 sagt
1310 4009 1434 4065 dort
1473 4008 1702 4064 Crassus
1717 4049 1732 4077 ,
1781 4022 1905 4062 cum
1939 4008 1991 4061 is
2025 4005 2253 4073 diceret,
2299 4020 2548 4059 socerum
2589 4020 2763 4059 sm

479 4098 734 4153 Laelium
768 4114 973 4169 semper
1004 4101 1122 4168 fere
1158 4115 1277 4155 cum
1312 4098 1571 4168 Scipione
1605 4098 1824 4151 solitum
1845 4095 2125 4175 ‚rusticari
2134 4133 2152 4163 ,
2191 4108 2385 4161 eosque
2419 4088 2763 4148 incredibili-

480 4191 561 4240 ter
596 4202 977 4255 repuerascere
1019 4204 1132 4243 esse
1166 4190 1383 4255 solitos,
1433 4202 1557 4242 cum
1594 4201 1695 4240 rus
1730 4202 1798 4239 ecc
1831 4185 1964 4239 urbe
2002 4190 2264 4269 tanquam
2297 4196 2328 4235 e
2361 4181 2600 4237 vinculis
2635 4197 2762 4236 evo-

479 4275 752 4331 lavissent.
825 4277 959 4332 Non
1005 4277 1179 4333 audeo
1227 4276 1406 4331 dicere
1451 4273 1515 4330 de
1552 4275 1754 4333 taam
1789 4274 1946 4339 viris,
1986 4272 2083 4328 sed
2115 4278 2298 4328 tamen
2332 4272 2418 4327 ita
2452 4273 2588 4326 solet
2621 4286 2764 4325 nar-
2825 4330 2834 4339 ¹

477 4379 607 4420 rare
642 4364 928 4434 Scaevola,
978 4366 1216 4421 conchas
1264 4380 1353 4423 eos
1394 4369 1448 4420 et
1491 4364 1775 4421 umbilicos
1820 4361 1898 4417 ad
1933 4362 2175 4418 Caietam
2209 4366 2260 4417 et
2293 4360 2373 4415 ad
2405 4361 2766 4416 Laurentum
