3032 5008
997 354 1112 414 sat.
1150 355 1225 427 Π,
1264 359 1311 412 2.
1349 372 1398 411 v.
1444 357 1735 412 125-134.
2370 342 2493 404 283

361 526 683 609 Explicuit
724 529 870 596 vino
917 534 1286 596 contractae
1331 530 1502 596 seria
1546 529 1792 595 frontis.
2373 529 2486 585 125

362 638 620 706 Saeviet
661 646 854 723 atque
896 659 1091 706 novos
1136 645 1391 706 moveat
1431 640 1687 705 fortuna
1731 640 2073 704 tumultus:

360 749 683 827 Quantum
724 752 868 818 hinc
913 752 1290 816 imminuet?
1335 757 1574 831 quanto
1620 756 1735 816 aut
1779 769 1899 832 ego
1932 749 2188 830 parcius
2219 751 2331 812 aut
2359 764 2491 824 VOS,

359 861 412 926 Ο
456 864 661 944 pueri,
709 863 1009 941 nituistiS,
1055 869 1130 927 ut
1174 861 1297 928 huc
1342 880 1544 928 novus
1589 862 1794 928 incola
1837 861 2056 925 venit?

357 972 521 1038 Nam
566 973 861 1054 propriae
909 973 1158 1038 telluris
1204 973 1429 1038 herum
1472 979 1707 1038 natura
1748 990 1956 1053 neque
2000 971 2180 1035 illmn

354 1083 490 1149 Nec
533 1102 635 1148 me
678 1102 798 1149 nec
842 1101 1222 1165 quemquam
1270 1085 1532 1150 statuit:
1578 1101 1693 1150 nos
1739 1083 1985 1163 expulit
2025 1081 2154 1160 ille,
2376 1083 2489 1138 130

353 1194 540 1259 Illum
589 1199 702 1259 aut
745 1194 1063 1276 nequities
1109 1198 1224 1260 aut
1264 1193 1431 1260 vafri
1476 1194 1732 1261 inscitia
1773 1194 1952 1275 iuriS,

354 1307 759 1371 Postremum
808 1304 1086 1386 expellet
1130 1309 1306 1370 certe
1350 1305 1631 1371 vivacior
1673 1304 1881 1370 heres,

350 1417 538 1482 Nunc
581 1435 738 1498 ager
782 1415 1092 1483 Umbreni
1134 1416 1253 1481 sub
1297 1416 1569 1496 nomine,
1615 1433 1822 1495 nuper
1866 1413 2056 1480 Ofelli

346 1527 603 1608 Dictus,
650 1528 775 1594 erit
819 1525 973 1593 nulli
1020 1526 1337 1608 proprius,
1388 1526 1502 1592 sed
1544 1528 1729 1593 cedet
1772 1526 1836 1591 in
1879 1545 2061 1592 usum

235 1725 381 1779 Korn
419 1723 702 1780 erreichen
739 1724 1014 1790 mechus]
1086 1723 1201 1778 Vor
1234 1730 1484 1794 surgeret
1511 1723 1668 1793 fehlt,
1708 1725 1806 1780 wie
1844 1741 1906 1779 so
1946 1723 2043 1791 oft,
2080 1730 2155 1779 ut.
2194 1757 2260 1765 —
2298 1740 2345 1776 v.
2377 1726 2491 1776 125.

233 1815 515 1884 Explicuit
554 1815 681 1867 rino
718 1819 891 1868 contr.
953 1811 1166 1867 Gricch.
1196 1814 1381 1883 χαλᾷν
1414 1810 1472 1868 τὸ
1507 1818 1778 1886 μέτωπον.
1830 1812 1951 1881 Vgl.
1979 1811 2194 1866 Ruhnk.
2224 1829 2292 1865 zu
2321 1810 2489 1864 Rutil.

230 1901 358 1971 Lup.
398 1904 467 1956 69
506 1917 587 1969 sq.
666 1900 805 1955 Sehr
840 1900 1052 1956 ahnlich
1090 1900 1164 1955 ist
1204 1901 1290 1955 die
1327 1901 1498 1956 sehon
1537 1918 1652 1976 &von
1689 1900 1867 1955 Bentl.
1908 1901 2249 1969 verglichene
2289 1900 2490 1953 schbhe

230 1990 389 2044 Stelle
422 1989 514 2043 bei
552 1989 833 2058 Aristoph.
872 1989 993 2044 Pac.
1032 1992 1179 2043 1140.
1205 1989 1292 2043 Br.
1338 1988 1422 2043 Οὐ
1458 1990 1567 2060 γὰρ
1604 1985 1719 2044 ἔσθ’
1757 1987 1920 2055 ἥδιον
1957 1985 1989 2057 ἢ
2025 1991 2208 2057 τυχεῖν
2243 1988 2352 2058 μὲν
2386 1980 2489 2054 ἤδη

222 2075 561 2148 ’σπαρμένα,
612 2075 730 2131 Τὸν
774 2076 911 2132 θεὸν
961 2075 1010 2131 d'
1051 2073 1399 2145 ἐπιψακάζειν
1432 2083 1533 2131 καί
1543 2074 1659 2131 λη)
1701 2080 1878 2129 εἰπεῖν
1913 2079 2159 2145 γείτονα·
2198 2078 2343 2128 Εἰπέ
2371 2091 2490 2147 μοι,

227 2165 277 2218 τέ
306 2170 600 2232 τηνικαῦτα
636 2166 889 2238 δρῶμεν,
926 2158 969 2217 ὦ
1005 2165 1379 2239 Κωμαρχίδης
1418 2162 1676 2234 Ἐμπιεῖν
1711 2162 1890 2236 ἔμοιγ’
1933 2161 2179 2235 ἀρέσκει,
2217 2166 2316 2215 τοῦ
2350 2162 2493 2215 θεοῦ

226 2253 460 2324 δρῶντος
495 2254 691 2312 καλῶς.
729 2285 797 2295 -
837 2269 883 2305 v.
928 2256 1041 2307 126.
1079 2252 1316 2307 Saeviet.
1393 2254 1572 2308 Schol.
1610 2254 1733 2306 Acr.
1793 2253 1924 2307 Utut
1955 2253 2206 2305 insaniat
2237 2251 2487 2317 fortuna,

226 2356 329 2394 non
362 2347 545 2396 tamen
582 2337 686 2395 nes
722 2340 913 2407 laedet,
952 2344 1049 2409 vel,
1087 2347 1353 2410 quantum
1387 2343 1504 2396 vult
1531 2343 1780 2409 fortuna,
1819 2342 1881 2395 in
1916 2356 1998 2394 me
2033 2341 2273 2406 saeviat3
2310 2344 2489 2391 tamen

226 2429 362 2483 mm
391 2435 605 2484 terreor
639 2429 818 2497 speia-‘3
851 2431 1046 2498 mini-3,-
1096 2446 1226 2483 nam
1268 2436 1319 2485 et
1361 2433 1421 2484 in
1467 2429 1678 2483 divitiis
1721 2435 1772 2482 et
1811 2430 1872 2482 in
1917 2434 2147 2499 eye-state
2193 2443 2310 2481 una
2353 2425 2494 2479 mihi

224 2518 548 2571 consuetudo
597 2517 871 2573 moderate
914 2519 1135 2575 vivendi
1176 2524 1268 2573 est.
1324 2552 1392 2562 —-
1446 2535 1494 2572 v,
1539 2521 1653 2572 127.
1704 2519 1846 2573 hinc.
1926 2518 2102 2573 Schol.
2152 2518 2274 2570 Acr.
2326 2516 2391 2568 de
2427 2531 2489 2569 eo

222 2604 363 2671 quod
394 2607 457 2660 in
493 2621 603 2658 usu
640 2605 830 2673 habe0,
869 2605 933 2659 de
969 2606 1073 2660 hac
1099 2607 1468 2675 parsimonia.
1507 2641 1576 2650 -
1615 2624 1662 2661 v.
1695 2611 1809 2662 128.
1852 2607 1898 2662 0
1917 2607 2098 2675 pueri.
2153 2604 2330 2658 Schol.
2359 2605 2483 2657 Acr.

216 2696 377 2760 pueri
408 2699 513 2748 aut
544 2693 655 2759 filii
689 2694 810 2763 (ng.
851 2710 898 2747 v.
943 2693 1062 2762 115)
1101 2702 1202 2750 aut
1220 2682 1381 2750 servi.
1436 2695 1516 2749 Er
1541 2695 1749 2766 spricht
1772 2695 1894 2749 hier
1915 2693 2013 2749 mit
2040 2693 2227 2749 seinen
2249 2691 2487 2759 Sehnen,

222 2780 314 2834 wie
349 2798 396 2833 v.
442 2784 545 2835 135
583 2780 618 2835 f.
657 2782 819 2836 lehrt.
893 2782 1084 2837 Nitere
1121 2784 1265 2853 hier,
1313 2783 1413 2838 wie
1449 2784 1561 2851 oft,
1599 2801 1722 2839 vom
1760 2784 1889 2837 bene
1930 2787 2156 2836 curatus
2192 2787 2243 2835 et
2271 2786 2486 2849 pastae,

215 2869 455 2939 pinquis.
535 2868 589 2923 S.
630 2869 717 2924 die
753 2869 938 2940 Intpp.
978 2888 1049 2926 zu
1088 2871 1304 2926 Petron.
1348 2872 1508 2928 Satir.
1551 2877 1600 2941 2,
1639 2890 1692 2943 p.
1737 2876 1817 2926 13.
1857 2904 1925 2914 —-
1961 2877 2036 2926 ut.
2112 2870 2289 2924 Schol.
2332 2874 2486 2937 post-

221 2972 393 3025 quam.
449 2956 599 3012 Oder
631 2974 701 3013 ex
736 2964 857 3028 qim.
915 2958 1148 3027 [Vielm.
1186 2962 1436 3027 simulac,
1474 2960 1577 3016 wic
1614 2960 1966 3030 gewehnlich,
2004 2975 2110 3012 nur
2132 2958 2206 3013 ist
2238 2958 2486 3028 zugleich

202 3046 457 3100 mita-istis
508 3045 636 3115 (von
669 3047 948 3114 nitescere)
999 3047 1168 3103 durch
1212 3050 1381 3105 nitere
1425 3051 1679 3117 coepisti-9
1721 3067 1791 3103 zu
1845 3048 2154 3114 erklarenJ
2200 3081 2269 3090 —
2311 3064 2488 3103 novus

218 3132 406 3202 incola,
447 3134 549 3189 der
583 3136 738 3189 miles
783 3136 1083 3192 Umbrenus
1120 3154 1167 3190 v.
1210 3141 1325 3192 133.
1384 3140 1579 3193 Incola
1616 3146 1783 3193 neunt
1811 3148 1871 3192 er
1895 3136 2005 3205 ihn,
2031 3136 2181 3191 nicht
2209 3136 2483 3204 dominus,

219 3219 404 3290 herus,-
444 3222 616 3277 daran
652 3223 851 3294 knfipft
889 3224 1005 3279 sich
1034 3224 1132 3279 das
1159 3223 1416 3294 folgende
1445 3227 1594 3280 Nam
1625 3242 1816 3295 propr.
1855 3258 1924 3268 -
1965 3242 2013 3279 ν.
2046 3229 2160 3279 131.
2200 3227 2484 3294 nequities,

221 3307 387 3364 Schol.
418 3312 544 3364 Acr.
583 3318 683 3365 aut
708 3328 812 3380 per
847 3313 1121 3368 luxuriem
1156 3316 1364 3369 amittet
1398 3330 1600 3383 ayo-um
1634 3313 1914 3369 vendendo
1949 3330 2088 3379 eum,
2131 3319 2232 3367 aut
2256 3315 2485 3369 crimine

218 3398 396 3466 aliquo
451 3416 583 3453 reus
631 3401 816 3467 factus
861 3403 1293 3469 proturbabitur
1347 3404 1685 3472 patrimonio
1730 3418 1846 3456 ειιο.
1931 3402 2074 3471 (Von
2120 3401 2272 3456 einer
2314 3418 2485 3457 cauea

211 3487 442 3553 publiea,
484 3503 677 3542 πονοι]
714 3488 875 3543 allein
912 3506 1040 3544 reue
1076 3492 1373 3560 gebraucht
1410 3491 1559 3560 wird,
1598 3492 1672 3546 ist
1706 3491 1826 3545 hier
1861 3489 2011 3544 nicht
2039 3488 2125 3542 dic
2151 3488 2320 3558 Rede,
2360 3506 2483 3545 son-

216 3572 341 3629 dern
380 3592 488 3631 von
527 3574 677 3630 einer
718 3593 891 3631 causa
928 3580 1163 3647 privata
1205 3579 1339 3634 oder
1385 3578 1490 3643 lis.)
1539 3612 1607 3622 —
1653 3580 1816 3648 vafm'.
1890 3577 2008 3647 Vgl.
2061 3579 2119 3645 2,
2175 3580 2235 3645 5,
2276 3580 2359 3632 34.
2416 3610 2484 3621 —

214 3677 258 3714 v.
301 3667 411 3717 132.
451 3664 811 3720 Postremum.
872 3665 945 3721 So
982 3668 1122 3722 nach
1158 3667 1291 3722 Mss.
1332 3667 1444 3723 und
1468 3668 1610 3723 Edd.
1639 3666 1817 3722 Bentl.
1843 3665 1931 3718 fur
1947 3670 2239 3734 postrema
2301 3666 2481 3719 Achn-

216 3748 316 3805 lich
351 3751 426 3807 ist
465 3751 556 3806 die
596 3751 766 3808 Stelle
802 3753 983 3823 Epist.
1024 3758 1074 3823 2,
1102 3759 1151 3823 2,
1182 3761 1281 3811 158
1306 3773 1420 3825 sqq.
1459 3789 1528 3799 —
1566 3773 1613 3810 V.
1644 3759 1759 3810 134.
1801 3754 2005 3808 Dictus
2039 3754 2147 3807 erit
2178 3754 2321 3807 nulli
2344 3770 2479 3821 pro-

206 3841 392 3908 ρτίκε,
431 3840 533 3895 sed
572 3841 730 3895 cedet.
807 3841 879 3896 So
928 3841 1017 3896 die
1060 3844 1292 3897 meisten
1340 3843 1505 3900 Codd.
1553 3842 1665 3898 und
1712 3842 1798 3897 die
1843 3842 1992 3897 alten
2039 3840 2179 3896 Edd.
2254 3841 2480 3895 Warum

210 3927 383 3982 wollte
438 3928 672 3998 Bentley
724 3929 875 3984 diese
929 3931 1131 3985 schbne
1186 3931 1386 3991 Lesart
1439 3919 1804 4000 vettii-angen,
1866 3929 2047 3983 indem
2101 3946 2162 3984 er
2218 3946 2318 3985 aus
2374 3929 2480 3984 den

212 4006 504 4071 Vaiianten
534 4017 748 4087 ‚einiger
784 4016 950 4073 Codd.
991 4026 1505 4088 zusammensetzte,
1543 4036 1721 4087 nuper
1749 4020 1914 4085 Ofelli
1936 4017 2116 4071 dictus
2148 4024 2298 4072 erat:
2337 4021 2478 4073 melli

205 4106 496 4174 proprius,
546 4106 681 4161 oder
723 4106 779 4160 in
828 4107 1011 4162 dieser
1047 4106 1425 4176 Verbindung:
1470 4123 1649 4175 nuper
1698 4108 1886 4174 Ofelli,
1935 4107 2138 4161 Dictus
2181 4112 2303 4161 erat
2337 4109 2478 4162 nulli

203 4195 509 4261 propriu33
542 4195 640 4249 sed
672 4194 816 4250 cedit
848 4194 986 4251 eta?
1058 4196 1337 4263 Proprius
1374 4194 1493 4249 hier
1527 4194 1582 4248 in
1620 4194 1717 4249 der
1745 4194 2104 4264 cigentlichen
2131 4195 2479 4265 Bedeutung,

212 4278 739 4351 cigenthumli'ch
777 4284 899 4355 (ng.
938 4301 987 4339 v.
1030 4282 1178 4353 129),
1226 4284 1403 4353 nicht,
1452 4283 1553 4339 wie
1603 4298 1664 4339 es
1715 4283 1801 4340 die
1854 4282 2032 4340 Schol.
2083 4286 2340 4356 nehmen,
2392 4284 2480 4339 fur
