3032 5008
1029 418 1144 475 sat.
1182 419 1257 488 11,
1296 423 1344 474 7.
1383 435 1432 471 v.
1469 420 1695 473 40-47.
2372 413 2500 477 417

354 591 453 657 Tu
498 609 642 657 cum
689 592 780 658 sis
824 592 1001 675 quod
1045 611 1167 675 ego
1211 596 1282 657 61
1320 591 1618 657 fortassis
1662 590 1948 673 nequior,
1982 590 2156 656 ultro
2417 600 2496 656 40

347 702 676 768 Insectere
721 703 899 767 velut
939 703 1187 783 melior,
1230 703 1572 783 verbisque
1618 701 1869 768 decoris

350 813 669 879 obvolvas
713 815 987 879 vitium?
1078 813 1264 893 Quid,
1312 814 1367 878 si
1414 831 1518 877 me
1565 812 1822 878 stultior
1865 812 2024 894 ipso,

348 923 728 1006 Quingentis
773 930 988 1006 empto
1035 923 1374 1005 drachmis,
1422 922 1886 1005 deprenderis?
1957 922 2158 990 Aufer

348 1033 456 1100 Me
499 1035 683 1100 vultu
725 1040 1011 1116 torrere3
1055 1053 1310 1101 manum
1358 1034 1882 1116 stomachumque
1927 1038 2168 1118 teneto,

348 1146 538 1226 Dum,
584 1164 748 1227 quae
795 1144 1071 1228 Crispini
1115 1146 1335 1211 docuit
1369 1164 1471 1210 me
1515 1145 1770 1227 ianitor,
1818 1145 1956 1212 edo,
2412 1157 2490 1213 45

346 1256 437 1321 Τ6
483 1257 711 1322 coniux
755 1256 965 1322 aliena
1008 1256 1198 1338 capit,
1244 1257 1655 1322 meretricula
1696 1257 1983 1339 Davum;

344 1366 579 1433 Peccat
604 1374 769 1433 -uter
813 1373 1104 1434 nostrum
1151 1386 1339 1433 cruce
1385 1367 1692 1449 dignius?
1779 1369 1967 1435 Acris
2015 1354 2266 1436 ubi'me

207 1607 333 1662 Att.
362 1611 412 1676 7,
440 1610 473 1660 2
512 1607 766 1663 Tironem
791 1609 982 1665 Patris
1005 1623 1233 1678 aeyrum
1256 1606 1471 1677 reliqui,
1509 1606 1918 1677 adolescentem,
1955 1613 2020 1663 ut
2046 1611 2210 1679 nosti,
2248 1615 2300 1667 et
2334 1612 2497 1683 adde,

206 1696 272 1749 si
304 1694 477 1765 quid
508 1697 639 1763 vis,
678 1698 948 1767 probum:
984 1698 1130 1753 nihil
1162 1694 1281 1749 vidi
1313 1696 1520 1750 melius.
1595 1694 1981 1763 [Deutlicher:
2017 1697 2072 1751 si
2106 1699 2244 1769 quid
2275 1701 2358 1757 vis
2393 1694 2492 1758 ad-

209 1783 367 1854 dere,
407 1798 591 1838 wenn
624 1782 821 1840 beide
858 1784 1248 1840 Ausdrucke
1285 1784 1570 1839 noch·zu
1607 1784 1924 1841 schwach
1960 1786 2275 1854 3111111-
2312 1805 2359 1843 v.
2400 1793 2484 1845 40.

209 1872 297 1927 Tu
345 1886 470 1926 cum
510 1874 591 1927 sis
632 1872 783 1943 quod
823 1889 937 1942 eqo.
1009 1870 1264 1927 Offenbar
1304 1872 1448 1926 noch
1482 1871 1679 1927 Worte
1728 1871 1826 1928 des
1873 1889 2071 1928 scurra
2113 1875 2196 1931 bis
2235 1877 2492 1933 obvolvas

210 1961 412 2016 vitium
450 1978 497 2015 v.
536 1965 619 2017 42.
660 1995 729 2005 --
764 1963 911 2016 ultro
948 1958 1084 2029 hier,
1122 1959 1220 2014 wie
1257 1976 1320 2016 so
1359 1958 1457 2030 oft,
1496 1976 1540 2016 s.
1580 1977 1628 2014 v.
1667 1977 1713 2015 a.
1753 1962 2000 2031 insuper,
2041 1963 2345 2036 obenein,
2384 1982 2493 2022 so-

211 2066 353 2120 gar.
393 2081 458 2093 -
500 2067 550 2105 v.
588 2053 673 2105 42.
719 2048 887 2121 Quid,
924 2051 977 2105 si
1010 2063 1107 2102 me.
1178 2047 1312 2102 Hier
1348 2046 1558 2118 spricht
1596 2047 1797 2103 wieder
1831 2048 2018 2104 Davus
2058 2049 2115 2104 in
2149 2044 2333 2108 'seiner
2368 2054 2493 2109 Per-

207 2155 331 2195 son.
392 2138 486 2193 Me
521 2141 644 2207 ipso
681 2137 755 2193 im
789 2137 1100 2208 Gegensatz
1139 2137 1237 2192 des
1273 2152 1506 2207 εστιν-νας
1544 2136 1709 2190 etiam
1743 2154 1841 2206 me,
1878 2140 1980 2207 qui
2011 2140 2352 2209 ntancz’pium
2386 2143 2493 2197 sim

205 2223 379 2295 idque
419 2229 549 2296 vile,
596 2228 912 2298 quinqentis
945 2229 1182 2296 emptum
1228 2223 1525 2279 drachmis.
1595 2223 1700 2279 Die
1744 2225 1979 2282 attische
2014 2226 2358 2300 Drachme,
2405 2246 2491 2286 so·

207 2313 321 2369 viel
370 2314 449 2371 als
489 2314 576 2369 ein
612 2320 745 2371 rom.
786 2315 1078 2384 denarius,
1128 2312 1265 2367 Plin.
1304 2316 1369 2366 21
1411 2319 1578 2382 extr„
1626 2313 1724 2367 der
1765 2312 2093 2370 hundertste
2132 2317 2291 2383 Theil
2335 2317 2490 2375 einer

204 2401 365 2457 Mina
401 2401 575 2476 (μναῖ),
614 2403 713 2460 der
750 2401 1239 2461 sechstausendste
1276 2399 1425 2456 eines
1463 2398 1707 2470 ments,
1746 2408 1890 2456 etwa.
1924 2405 1956 2457 5
1993 2418 2070 2472 gr.
2108 2405 2206 2474 4⁴l,
2244 2406 2320 2478 pf.
2383 2410 2488 2462 500

204 2488 520 2546 Drachmen
564 2491 687 2550 sind
724 2493 841 2551 also
879 2510 922 2550 e.
960 2510 1008 2548 v.
1048 2509 1095 2550 a.
1141 2494 1240 2547 112
1276 2489 1381 2546 thr.
1424 2492 1488 2545 12
1525 2506 1604 2561 gr.
1645 2486 1721 2560 (S.
1761 2488 1849 2545 die
1886 2488 2110 2547 Tabelle
2144 2493 2201 2548 in
2239 2494 2484 2552 Biesters

204 2578 630 2650 Uebersetzung
678 2582 775 2638 der
817 2579 1021 2636 Reisen
1070 2579 1166 2636 des
1207 2581 1361 2650 jung.
1410 2579 1616 2636 Anach.
1665 2582 1700 2632 7
1736 2579 1837 2635 Th.
1896 2579 1949 2634 S.
2000 2578 2114 2651 81);
2165 2581 2267 2638 wie
2315 2582 2486 2638 sehon

206 2667 367 2723 diese
405 2667 575 2723 Stelle
612 2669 774 2740 lehrt,
813 2669 900 2724 ein
936 2665 1209 2738 niedriger
1232 2666 1385 2723 Preis
1425 2667 1575 2723 eines
1610 2667 1917 2723 romischen
1957 2666 2208 2725 Sklaven.
2251 2670 2305 2724 S.
2332 2670 2485 2741 LipS.

205 2754 280 2812 de
315 2756 623 2826 magnitud.
660 2757 816 2830 Rom.
855 2761 915 2827 2,
951 2760 1001 2812 4.
1038 2789 1111 2800 -
1157 2774 1202 2811 v.
1242 2760 1326 2811 43.
1372 2756 1553 2823 Aufer
1599 2772 1682 2811 me
1727 2757 1880 2812 vultu
1915 2762 2144 2827 terrere,
2195 2774 2332 2829 weg
2369 2759 2485 2815 mit

207 2843 332 2899 der
368 2843 761 2902 drohenden
795 2845 1026 2901 Miene.
1074 2845 1251 2901 Plaut.
1291 2843 1503 2900 Curcul.
1541 2847 1593 2915 2,
1633 2850 1682 2915 1,
1723 2848 1793 2900 30
1827 2846 2008 2913 Aufer
2041 2845 2250 2902 isthaec
2285 2863 2489 2918 quaeso

204 2938 374 3002 atque
410 2933 514 2989 hoc
547 2933 814 3006 responde
848 2933 999 3004 quod
1029 2947 1183 3005 royo.
1257 2933 1476 2989 Trucul.
1515 2934 1574 3003 4,
1614 2930 1673 3003 41,
1710 2937 1744 2989 8
1780 2935 1941 3001 aufer
1974 2949 2173 3003 mma-s,
2210 2934 2357 2990 nihil
2389 2951 2489 3005 eqo

201 3037 359 3075 nunc
403 3020 467 3077 de
504 3023 692 3078 'isthac
735 3040 796 3079 re
840 3039 963 3094 ayo.
1001 3055 1070 3067 --
1106 3039 1156 3077 v.
1194 3025 1277 3078 44.
1317 3022 1781 3096 stomachumque,
1823 3022 2195 3078 iracundiam.
2267 3020 2490 3092 Richtig

202 3109 393 3164 merkt
417 3107 629 3166 Gesner
664 3127 760 3167 an:
798 3113 910 3167 Hic
940 3111 1177 3180 βυθίων
1206 3112 1446 3180 frontem
1477 3111 1829 3180 contrahere,
1867 3117 1920 3167 et
1951 3112 2219 3167 minacem
2254 3111 2488 3181 diqitum

204 3199 398 3253 tollere
434 3199 732 3256 Horatius.
777 3203 857 3256 At
892 3215 1082 3256 servus
1113 3201 1382 3270 postulat,
1419 3205 1483 3254 ut
1515 3199 1628 3254 sibi
1661 3203 1843 3270 liceat,
1881 3202 2053 3257 salvis
2089 3199 2363 3269 eruribus,
2401 3216 2486 3254 re·

197 3288 380 3342 citare
427 3288 699 3358 quaedam
746 3287 810 3345 de
847 3289 1096 3359 Crispini
1130 3288 1597 3359 disputationibus
1632 3290 1897 3358 sublecta,
1935 3306 2052 3344 non
2085 3289 2150 3344 in
2185 3289 2490 3345 Horatium

200 3375 359 3430 dicta
371 3415 389 3444 ‚
436 3376 534 3430 sed
575 3379 639 3433 in
681 3380 938 3448 vitiosos,
984 3395 1124 3448 quae
1168 3382 1349 3433 tamen
1383 3378 1586 3433 vernile·
1618 3375 1865 3446 quadam
1897 3377 2242 3446 maliquitate
2278 3380 2492 3446 torquet

199 3465 268 3519 in
304 3463 515 3521 herum.
552 3498 621 3510 -
656 3485 706 3522 v.
745 3470 831 3522 45.
883 3466 1147 3536 Crispini.
1223 3466 1276 3521 S.
1320 3470 1380 3537 1,
1421 3471 1468 3536 1,
1512 3470 1629 3520 120.
1706 3469 1764 3534 1,
1804 3467 1865 3534 s,
1908 3467 2023 3519 139.
2102 3467 2157 3534 1,
2195 3467 2253 3534 4,
2297 3467 2378 3519 14.
2414 3494 2484 3508 --

200 3553 449 3623 iauitor,
501 3555 781 3628 θυρωρὸς,
836 3556 1130 3624 ostiarius,
1188 3552 1339 3608 einer
1391 3552 1490 3609 der
1535 3553 1873 3624 gemeinsten
1920 3552 2034 3609 und
2081 3551 2485 3607 schlechtesten

202 3640 451 3697 Sklaven
484 3642 543 3698 in
580 3644 676 3699 der
703 3645 943 3712 familia,
981 3643 1319 3714 gewohnlich
1351 3643 1449 3698 mit
1489 3642 1640 3699 einer
1675 3641 1847 3699 Kette
1884 3639 2232 3712 angefesselt.
2307 3638 2360 3693 S.
2400 3637 2488 3694 die

198 3730 396 3802 Intpp.
435 3748 508 3787 zu
544 3733 763 3788 Petron.
806 3731 970 3787 811111·-
1010 3748 1054 3786 c.
1096 3734 1180 3787 28.
1254 3731 1471 3802 Pignor.
1511 3732 1580 3789 de
1621 3732 1771 3788 Serv.
1811 3750 1864 3802 p.
1904 3734 2007 3786 447
2045 3745 2161 3801 sqq.
2201 3761 2270 3772 —
2307 3745 2356 3783 v.
2395 3731 2479 3781 47.

198 3820 552 3876 Peccatum·
584 3828 838 3876 nostrum
873 3836 1030 3876 cruce
1068 3818 1337 3890 diquius?
1372 3821 1521 3876 Wer
1557 3838 1681 3877 von
1719 3836 1837 3877 uns
1872 3818 2119 3890 begeht
2159 3817 2267 3873 ein
2301 3822 2488 3888 gros·

199 3923 401 3964 seres
433 3909 911 3966 Verbrechen?
949 3908 1123 3964 Dafur
1157 3918 1282 3980 sagt
1317 3909 1416 3965 mit
1454 3910 1728 3966 stoischer
1754 3907 1986 3979 Strenge
2025 3907 2123 3965 der
2149 3905 2363 3974 Sklave,
2401 3901 2489 3957 fut

198 3996 314 4052 den
352 3996 444 4052 die
480 3997 711 4054 hochste
752 3996 933 4054 Strafe
972 3997 1059 4051 die
1096 3994 1452 4068 Kreuzigung
1483 4014 1619 4068 war,
1666 4013 1798 4053 wer
1832 4013 1960 4052 von
1996 4011 2120 4052 uns
2153 3996 2269 4051 hat
2306 3992 2483 4047 mehr

196 4085 318 4142 die
354 4085 802 4158 Kreuzigung
836 4084 1189 4142 verdient?
1249 4085 1432 4142 Ueber
1467 4086 1619 4142 diese
1658 4084 1873 4154 strafe,
1922 4083 2124 4140 welche
2163 4083 2251 4140 die
2285 4080 2488 4138 111111161-

195 4191 275 4230 aa
313 4173 576 4246 Sklaven,
626 4176 925 4233 besonders
972 4188 1129 4230 wenn
1175 4174 1255 4229 sie
1300 4173 1399 4229 auf
1439 4172 1633 4244 irgend
1683 4173 1803 4229 eine
1839 4174 1943 4228 Art
1983 4171 2080 4228 das
2115 4172 2307 4227 Leben
2341 4170 2489 4226 ihrer

188 4261 414 4320 Hei-ren
452 4263 685 4322 bedroht
720 4266 934 4334 hatten,
972 4259 1087 4318 und
1121 4275 1194 4317 1111
1229 4263 1515 4334 gemeinen
1541 4263 1917 4319 Verbrecheru
1953 4261 2011 4316 in
2048 4261 2154 4319 11611
2181 4259 2486 4317 Provinzen

190 4356 507 4425 ausuhten,
562 4355 727 4426 giebt.
755 4352 980 4424 Lipsius
1029 4351 1231 4408 Schrift
1285 4354 1351 4408 de
1397 4353 1568 4410 Grues
1626 4349 1989 4421 vonstsudige
2037 4350 2364 4420 Belehrung.
2416 4381 2484 4390 -

322 4459 432 4500 Hor.
463 4459 550 4497 8⁸⁸.
1871 4509 1880 4518 ,
1976 4447 2055 4507 27
