3032 5008
563 426 686 494 270
1358 432 1473 490 Sat.
1514 434 1587 505 11,
1629 441 1673 491 2.
1719 452 1764 490 v.
1806 437 2027 492 42-47.

686 607 884 672 Putet
926 623 1084 686 aper
1126 605 1559 689 rhombusque
1605 627 1851 690 100003,
1897 610 2068 676 mala
2113 610 2297 691 copia
2339 612 2596 692 quando

684 718 970 800 Aegrum
1015 717 1319 784 sollicitat
1362 705 1777 801 stomachum,
1822 739 1966 786 cum
2010 720 2241 800 rapula
2283 720 2513 803 plenus

687 830 899 909 Atque
943 828 1160 894 acidas
1204 828 1445 895 mavolt
1486 831 1712 897 inulas.
1801 830 2089 897 Necdum
2135 832 2339 897 omnis
2382 833 2615 898 abacta

685 939 1037 1021 Pauperies
1080 940 1285 1021 epulis
1329 958 1589 1023 regum:
1636 961 1782 1007 nam
1827 941 2060 1008 vilibus
2105 943 2241 1008 ovis
2755 951 2829 1005 45

682 1051 1030 1134 Nigrisque
1077 1055 1179 1116 est
1222 1050 1379 1119 oleis
1416 1050 1606 1118 hodie
1649 1053 1848 1120 locus.
1935 1053 2127 1120 Haud
2170 1054 2266 1119 ita
2305 1054 2558 1135 pridem

684 1163 937 1230 Galloni
981 1162 1315 1245 praeconis
1361 1169 1504 1230 erat
1545 1164 1919 1246 acipensere
1962 1183 2183 1231 mensa

553 1374 744 1426 sentes.
802 1367 980 1423 Schol.
1006 1367 1130 1421 Acr.
1170 1367 1492 1423 Praesentes
1514 1369 1679 1438 quasi
1691 1370 1949 1439 precibus
1983 1370 2117 1424 meis
2145 1369 2410 1438 faventes,
2447 1375 2525 1438 ut,
2565 1370 2834 1425 Praesen—

554 1461 637 1514 tia
671 1459 905 1512 numina
941 1457 1140 1511 Fauni
1177 1456 1345 1525 (Virg.
1383 1455 1581 1526 Georg.
1625 1463 1676 1526 1,
1714 1456 1830 1527 10),·
1876 1459 1960 1513 vel
1990 1463 2233 1526 potentes
2267 1459 2451 1513 austri
2482 1459 2834 1514 hauriam

544 1548 875 1619 putrefacite
912 1546 1222 1613 obsonium,
1271 1550 1337 1598 ut
1377 1546 1562 1599 calore
1593 1546 1762 1612 flatus
1797 1547 1966 1600 vestri
1989 1546 2196 1615 putida
2231 1547 2543 1601 reddantur
2578 1547 2833 1602 obsonia.

555 1639 878 1693 Praesente-s
912 1633 1059 1701 hier,
1104 1632 1221 1688 mit
1271 1632 1440 1688 aller
1478 1647 1676 1687 eurer
1712 1632 1933 1703 Kraft,
1982 1634 2083 1690 wie
2129 1651 2191 1690 so
2238 1634 2321 1690 oft
2356 1651 2630 1704 praesens
2662 1651 2834 1691 remc-

556 1727 731 1792 dium‚
770 1725 1069 1791 auxilium,
1100 1723 1433 1790 periculum,
1485 1721 1656 1776 daher
1690 1722 1989 1779 besonders
2027 1739 2133 1778 von
2171 1722 2346 1780 einem
2365 1722 2478 1778 mit
2514 1721 2680 1778 Halfe
2715 1723 2836 1778 und

553 1815 743 1870 Macht
778 1812 1092 1880 nahenden,
1132 1810 1418 1881 gunstigen
1455 1809 1641 1865 Gotte.
1718 1810 1771 1865 S.
1785 1810 1995 1885 Heins.
2036 1829 2108 1866 zu
2143 1810 2295 1866 ovid.
2333 1811 2500 1868 Trist.
2540 1816 2596 1880 5,
2637 1799 2699 1882 2,
2743 1815 2833 1867 45.

552 1904 739 1973 Intpp.
779 1919 849 1956 zu
885 1901 1016 1955 Hor.
1057 1898 1153 1953 Od.
1197 1904 1243 1968 1,
1283 1902 1367 1968 35,
1407 1902 1454 1952 2.
1500 1897 1773 1953 Drakenb.
1814 1917 1884 1972 za
1920 1899 2037 1954 Liv.
2080 1904 2162 1969 10,
2199 1904 2284 1954 40.
2322 1900 2426 1955 Die
2461 1903 2667 1956 Austri
2698 1916 2836 1955 wer-

553 1992 659 2047 den
704 1990 825 2045 hier
867 1988 966 2043 wie
1003 1977 1200 2042 651101·
1246 1986 1559 2056 angerufen.
1635 1987 1779 2056 Virg.
1820 1984 1954 2042 Aen.
1994 1990 2054 2057 9,
2093 1991 2198 2043 404
2236 1990 2346 2057 Pu,
2385 1989 2517 2057 dea,
2569 1995 2630 2043 111
2655 2003 2832 2058 prae

549 2095 675 2135 sens
708 2083 899 2134 nostro
937 2092 1189 2132 succurre
1226 2075 1423 2131 labori.
1462 2108 1531 2118 -—
1569 2075 1811 2130 obsonia.
1886 2077 2204 2145 obsonium,
2243 2077 2344 2130 wie
2381 2071 2548 2145 anper,
2584 2075 2697 2132 fast
2735 2077 2832 2130 im·

550 2183 666 2222 mer
702 2183 808 2220 von
843 2164 1343 2234 Fischspeisen.
1381 2195 1449 2206 --
1499 2165 1831 2234 Quanquam
1857 2171 2016 2233 putet
2048 2177 2199 2234 aper.
2274 2164 2455 2219 Schol.
2496 2163 2828 2232 (310110οο-

548 2258 690 2326 riqit
721 2271 803 2323 se,
842 2255 1009 2323 quasi
1035 2254 1256 2321 fh-ustr'a
1290 2255 1532 2307 Austros
1565 2254 1929 2321 invocaverit,
1968 2270 2134 2322 quum
2168 2253 2471 2309 luxuriosis
2507 2254 2581 2307 sit
2615 2267 2831 2307 necesse

550 2361 682 2401 suas
698 2349 895 2413 putere
930 2343 1121 2411 epulas
1157 2347 1316 2410 atque
1353 2323 1579 2397 delicias
1613 2342 1960 2410 quantumvis
1995 2341 2228 2410 sapidas
2257 2347 2489 2411 propter
2524 2342 2828 2395 satietatem

548 2441 602 2489 et
646 2432 1002 2502 affluentiam.
1078 2431 1406 2501 Quanquam
1444 2429 1766 2484 Βο011.11111
1815 2429 2001 2484 Lamb.
2048 2429 2165 2486 und
2201 2429 2388 2500 Crnq„
2439 2430 2688 2498 quamvis
2726 2429 2826 2483 mit

553 2525 658 2580 den
697 2524 844 2579 alten
880 2520 1021 2575 Edd.
1063 2521 1314 2575 Torrent.
1353 2503 1555 2590 Hiiufig
1589 2518 1786 2588 knsspft
1809 2503 2159 2589 quanquam,
2198 2522 2339 2575 auch
2374 2522 2492 2588 elsi,
2530 2518 2686 2573 einen
2727 2518 2828 2573 das

548 2612 788 2682 Gesagte
827 2609 1329 2667 einschrfinkenden
1366 2609 1499 2663 oder
1536 2608 1966 2663 verbessernden
1999 2607 2132 2663 Satz
2171 2625 2263 2677 an3
2299 2611 2551 2678 quamm's
2586 2608 2728 2662 eben
2765 2624 2826 2662 so

548 2700 637 2755 bei
662 2700 798 2754 Cels.
839 2696 1067 2771 praefat.
1110 2702 1156 2765 1,
1193 2715 1245 2767 p.
1284 2701 1351 2753 23
1390 2697 1508 2767 Bip.
1548 2696 1645 2751 Ex
1681 2698 1770 2752 his
1805 2703 1950 2752 enim
1985 2698 2352 2766 similibusque
2388 2712 2551 2767 saepe
2585 2697 2830 2751 curandi

548 2804 692 2843 nova
727 2787 875 2842 ratio
913 2785 1159 2841 ducenda
1197 2791 1306 2854 est5
1358 2788 1607 2855 quamvis
1639 2801 1710 2841 ne
1744 2787 1874 2841 haec
1910 2785 2126 2855 quidem
2162 2789 2242 2841 sie
2270 2776 2580 2855 praetei-iri
2613 2786 2819 2853 debent,

549 2878 714 2947 quasi
747 2877 959 2931 nullam
993 2875 1417 2929 controversiam
1451 2875 1736 2942 recipiant.
1774 2907 1844 2917 -—
1887 2891 1935 2928 v.
1975 2877 2061 2928 42.
2111 2876 2487 2944 rhombusque.
2564 2873 2618 2928 S.
2657 2892 2731 2930 zu
2771 2880 2818 2943 1,

549 2972 600 3036 2,
644 2967 865 3029 116.,-
913 2981 961 3018 v.
1001 2966 1083 3017 43.
1134 2964 1363 3031 rapula,
1410 2961 1655 3018 Badies
1671 2963 1861 3031 chen,
1902 2962 2007 3017 den
2046 2963 2277 3032 Appetit
2316 2981 2386 3018 zu
2423 2965 2625 3019 reizen.
2697 2964 2818 3033 Vgl.

549 3059 599 3124 2,
638 3059 687 3124 8,
726 3059 775 3109 8.
814 3087 882 3096 —-
918 3070 965 3107 v.
1007 3054 1090 3105 44.
1128 3052 1320 3106 acidas
1354 3053 1553 3107 inulas.
1631 3052 1808 3107 Schol.
1847 3052 1972 3105 Aer.
2021 3053 2152 3106 Non
2190 3051 2340 3120 quod
2375 3053 2541 3107 acida
2575 3060 2654 3108 est
2684 3053 2821 3108 haee

546 3143 735 3209 herba,
772 3140 870 3195 secl
902 3132 1064 3210 quod,
1103 3156 1223 3195 eum
1259 3142 1530 3210 coquitur,
1568 3146 1719 3195 aceto
1756 3140 2027 3195 conditur.
2085 3141 2279 3207 Inula,
2320 3140 2549 3209 ἑλένιον,
2591 3141 2820 3209 Alunt,

549 3230 669 3285 eine
707 3229 909 3285 bittere
944 3230 1190 3298 Pfianze,
1230 3229 1365 3283 Plin.
1405 3230 1499 3298 19,
1540 3230 1609 3282 29
1645 3245 1752 3299 per
1786 3245 1841 3284 se
1877 3229 2152 3283 stomacho
2188 3230 2598 3298 inimicissima,
2635 3229 2818 3283 eaden

546 3318 800 3373 dulcibus
842 3318 1029 3372 mixtis
1072 3315 1449 3387 saluberrima.
1523 3319 1790 3372 Pluribus
1836 3317 2026 3372 modis·
2049 3319 2365 3372 austeritate
2398 3318 2542 3371 vieta
2574 3319 2815 3388 qratiam

543 3408 763 3462 invenit.
835 3407 1088 3476 Namque
1124 3412 1176 3462 et
1208 3409 1273 3469 in.
1299 3408 1560 3476 pollinem
1598 3406 1848 3461 tunditur
1888 3407 2055 3460 arida
2092 3405 2404 3474 liquidoque
2442 3405 2592 3462 dulci
2621 3412 2815 3475 tempe·

546 3501 734 3564 ratur,
780 3500 832 3549 et
877 3494 1097 3550 decocta
1134 3510 1364 3563 posca,
1413 3501 1515 3549 aut
1558 3500 1870 3562 asservata,
1915 3496 1998 3549 vel
2040 3500 2317 3548 macerata
2343 3496 2606 3562 pluribus
2637 3494 2817 3549 modis

546 3590 597 3639 et
651 3590 780 3638 tunc
831 3585 1007 3638 mixta
1060 3582 1277 3651 defruto
1331 3589 1432 3638 aut
1485 3584 1711 3638 subacta
1756 3584 1904 3638 melle
1947 3590 2040 3638 etc.
2113 3582 2182 3652 (V
2185 3583 2254 3652 gl.
2301 3580 2508 3637 Colum.
2563 3587 2650 3651 12,
2675 3582 2816 3650 216.)

545 3672 765 3728 Lucret.
808 3677 860 3742 2,
896 3674 1001 3726 429
1044 3672 1194 3742 Quae
1232 3674 1455 3727 titillare
1489 3674 1669 3741 maqis
1705 3686 1896 3726 sensus
1929 3688 2098 3742 quam
2133 3672 2347 3727 laedere
2376 3676 2628 3740 possunt,
2663 3672 2816 3726 Fae-

545 3764 672 3816 cula
716 3763 832 3815 iam
868 3762 932 3816 de
968 3778 1075 3830 quo
1109 3777 1303 3831 qenere
1338 3766 1417 3816 est
1449 3763 1737 3830 inulaeque
1772 3776 2014 3828 sapores.
2053 3792 2121 3802 -—
2157 3776 2204 3812 v,
2245 3762 2328 3813 45.
2365 3775 2571 3829 requm.
2641 3759 2692 3813 S.
2736 3777 2814 3815 zu

554 3856 601 3919 1,
640 3853 688 3919 2,
728 3853 810 3905 86.
839 3882 908 3892 --
942 3866 991 3903 v.
1017 3852 1101 3903 46.
1140 3850 1447 3919 Niqrisque
1483 3851 1628 3906 oleis.
1671 3848 1725 3902 S.
1759 3848 1962 3904 Colum.
2005 3851 2086 3918 12,
2124 3850 2219 3917 49,
2258 3848 2371 3903 und
2406 3849 2540 3903 111101·
2573 3848 2656 3903 die
2691 3864 2817 3902 ver-

545 3939 872 3995 schiedenen
921 3938 1097 3993 Arten
1144 3938 1242 3993 der
1284 3936 1473 4015 Oliven
1523 3938 1667 3993 Voss
1717 3955 1787 3993 zu
1825 3937 1973 4007 Virg.
2015 3936 2212 4007 Georg.
2260 3940 2318 4007 2,
2356 3940 2449 4006 85,
2497 3954 2549 4006 p.
2585 3937 2693 3990 295.

545 4044 593 4081 v.
634 4030 717 4081 47.
765 4029 993 4083 Galloni
1031 4027 1340 4098 praeconis.
1414 4006 1603 4082 Schol.
1652 4026 1807 4095 Cruq.
1859 4027 2153 4081 Gallonius
2193 4040 2399 4094 praeco
2436 4025 2648 4093 primes
2686 4024 2817 4076 aei-

451 4180 457 4187 ,
539 4132 823 4186 pensem-em
849 4118 1057 4187 piscem
1092 4133 1227 4170 suae
1261 4128 1476 4170 mensae
1512 4116 1796 4185 apposuit,
1848 4130 2017 4185 quare
2052 4115 2170 4168 eius
2204 4128 2391 4168 mensa
2427 4116 2587 4168 etiam
2618 4127 2652 4163 a
2681 4110 2814 4164 Lu-

545 4206 672 4259 cilio
709 4209 953 4271 taxatur.
1026 4204 1314 4260 Vielleicht
1350 4204 1499 4259 nicht
1527 4206 1781 4274 primus5
1831 4204 1957 4259 dass
2003 4203 2089 4257 ein
2118 4218 2323 4271 praeco
2360 4201 2580 4256 solchen
2611 4198 2813 4253 Luxus

547 4292 712 4360 trieb,
762 4292 918 4348 hatte
954 4292 1197 4348 Lucilius
1236 4299 1427 4361 gerflgt
1463 4291 1520 4345 in
1559 4291 1664 4347 den
1699 4290 1789 4348 bei
1825 4290 1929 4346 Cic.
1972 4290 2038 4345 de
2076 4288 2194 4345 Fin.
2234 4294 2294 4359 2,
2332 4294 2367 4346 8
2403 4287 2816 4345 aufbewahrten

544 4380 780 4449 Veram,
830 4383 875 4437 Ο
914 4382 1105 4449 Publi,
1152 4397 1185 4435 o
1217 4396 1448 4451 qurqes,
1488 4382 1739 4449 Galloni,
1778 4397 1833 4435 es
1869 4382 2029 4437 homo
2063 4381 2242 4434 miser.
2316 4379 2570 4461 Coena-sti
2597 4379 2652 4432 in
2685 4379 2818 4431 ritu
