3032 5008
585 373 702 435 156
1393 384 1505 438 Sat.
1548 383 1592 452 1,
1629 387 1678 437 6.
1718 401 1765 436 V.
1807 385 2035 438 60-69,

711 557 857 636 Sed,
904 558 1073 637 quod
1119 576 1316 637 eram,
1360 575 1584 623 narro:
1630 557 2001 638 respondes,
2048 562 2121 621 ut
2165 561 2314 624 tuus
2361 563 2463 622 est
2508 578 2653 638 mos,
2748 564 2813 618 6⁰

711 668 957 733 Pauca:
1006 668 1200 734 abeo:
1249 671 1316 732 et
1357 685 1625 733 revocas
1669 684 1834 732 nono
1878 672 2031 749 post
2068 686 2287 733 mense
2334 668 2641 751 iubesque

708 779 870 843 Esse
916 778 982 843 in
1027 779 1374 844 amicorum
1418 796 1703 843 numero.
1791 774 2096 861 Magnum
2138 778 2259 846 hoc
2304 797 2425 860 ogo
2472 779 2652 861 duco,

710 889 894 967 Quod
937 889 1150 970 placui
1197 888 1331 968 tibi,
1379 887 1487 970 qui
1532 888 1706 971 turpi
1754 888 2036 955 secernis
2087 889 2431 955 honestum

710 1001 856 1065 Non
898 1004 1086 1080 patre
1136 1000 1489 1080 praedam,
1537 1000 1654 1064 sed
1694 998 1831 1065 vita
1873 1005 1941 1065 et
1983 1004 2245 1081 pectore
2290 1019 2475 1082 puro.

709 1109 905 1191 Atqui
951 1110 1006 1175 si
1050 1110 1222 1175 vitiis
1267 1110 1696 1175 mediocribus
1740 1128 1816 1176 ac
1859 1128 2003 1176 mea
2045 1111 2269 1191 paucis
2754 1119 2816 1173 65

709 1221 1021 1287 Mendosa
1062 1226 1166 1286 est
1208 1225 1459 1302 natura,
1502 1220 1741 1302 alioqui
1784 1225 1981 1302 recta,
2027 1222 2208 1288 velut
2250 1223 2304 1288 si

709 1332 992 1415 Egregio
1035 1332 1363 1413 inspersos
1407 1332 1763 1412 reprendas
1808 1350 2076 1413 corpore
2119 1354 2390 1417 naevos;

708 1443 777 1509 Si
820 1461 1028 1525 neque
1073 1443 1409 1508 avaritiam
1453 1459 1662 1525 neque
1708 1443 1913 1508 sordis
1960 1462 2035 1509 ac
2077 1446 2246 1512 mala
2287 1446 2499 1514 lustra

708 1554 986 1619 Obiiciet
1026 1572 1179 1619 vere
1225 1552 1562 1635 quisquam
1604 1553 1790 1636 mihi;
1833 1572 2038 1635 purus
2083 1560 2151 1621 et
2192 1556 2411 1624 insons

582 1753 896 1808 satureiam
931 1750 987 1804 in
1025 1750 1122 1805 der
1156 1751 1312 1806 Niihe
1349 1766 1455 1804 von
1482 1751 1703 1806 Tarent.
1730 1785 1798 1795 --
1834 1753 2093 1822 caballus,
2132 1753 2231 1809 wie
2268 1771 2437 1810 unser
2471 1756 2643 1813 Gaul
2679 1756 2834 1811 weder-

579 1842 668 1895 fur
705 1840 790 1894 die
829 1839 1048 1908 epische
1097 1839 1237 1893 noch
1279 1838 1513 1907 lyrische
1550 1839 1744 1896 Poesie
1783 1841 1904 1896 edel
1939 1859 2145 1913 genug,
2197 1843 2488 1920 daherbei
2523 1844 2759 1901 Juvenal.
2790 1848 2831 1912 3,

587 1935 688 1986 118
748 1931 1072 1999 Geryoneae
1117 1927 1359 1981 caballus
1411 1943 1535 1981 vom
1582 1928 1825 1997 Pegasus
1873 1931 2184 1987 scherzhaft
2234 1941 2427 2003 gesagt
2482 1934 2586 2003 ist,
2639 1934 2735 1988 wie
2774 1933 2832 1986 im

583 2017 799 2087 Prolog.
837 2032 943 2070 von
979 2016 1131 2069 Pers.
1177 2017 1310 2083 fons
1355 2016 1660 2071 caballinus
1698 2034 1803 2073 von
1841 2018 1939 2074 der
1973 2019 2344 2090 Hippola-ene.
2382 2055 2451 2065 —
2488 2040 2536 2077 v.
2574 2024 2658 2077 61.
2705 2037 2831 2076 nono

572 2113 705 2177 post
738 2122 928 2161 mense.
1004 2103 1182 2159 Schol.
1221 2103 1378 2172 Cruq.
1423 2105 1526 2158 hoc
1564 2104 1721 2175 dicit,
1766 2112 1830 2161 ut
1864 2115 2159 2177 appareat,
2204 2125 2260 2165 se
2298 2109 2398 2164 diu
2432 2112 2765 2180 emptor-uam
2794 2114 2837 2164 et

581 2196 797 2251 tandem
832 2196 894 2249 in
929 2194 1232 2247 amicitiam
1265 2193 1564 2248 admissum
1591 2202 1789 2262 postca
1824 2196 2110 2264 displicere
2144 2214 2259 2252 non
2288 2214 2467 2265 posse.
2506 2199 2665 2253 Auch
2697 2196 2832 2263 wohl,

583 2283 949 2350 anzudeuten‚
987 2282 1086 2335 wie
1125 2281 1364 2336 entfernt
1403 2297 1464 2336 61·
1496 2299 1748 2351 gewesen
1785 2284 1881 2352 sei,
1921 2284 2037 2338 sich
2075 2284 2161 2338 bei
2198 2285 2394 2340 Macen
2435 2285 2836 2356 aufzudrangen.

584 2406 653 2416 -
691 2389 739 2426 v.
779 2374 862 2425 63.
901 2371 1054 2438 turpi
1091 2384 1193 2424 sec.
1233 2370 1531 2424 honestum.
1607 2370 1786 2439 Turpi
1817 2387 1870 2424 u.
1909 2371 2190 2427 honestum
2226 2369 2344 2426 hier
2378 2389 2500 2442 gen.
2538 2390 2729 2442 masc,
2764 2373 2838 2428 da·

587 2476 758 2531 gegen
797 2464 857 2529 1,
896 2463 956 2528 3,
999 2461 1099 2513 113
1146 2459 1290 2513 iusto
1337 2474 1610 2514 secernere
1658 2454 1911 2527 iniqu‘um
1961 2459 2057 2515 das
2095 2467 2272 2515 neutr.
2347 2461 2409 2515 In
2447 2463 2650 2532 Prosa,
2697 2463 2785 2533 qui
2810 2478 2841 2515 a

589 2551 743 2618 turpi
777 2565 876 2603 sec.
913 2548 1040 2603 hon.
1076 2580 1145 2589 -
1181 2564 1230 2601 v.
1268 2549 1352 2602 64.
1391 2548 1524 2602 Non
1554 2551 1719 2615 patre
1745 2549 2053 2616 praeclaro.
2096 2548 2273 2603 Schol.
2312 2552 2436 2604 Acr.
2468 2558 2691 2620 yram
2726 2551 2840 2605 mihi

583 2645 634 2694 et
690 2638 994 2708 ylorioeum
1043 2637 1145 2691 hoc
1197 2637 1475 2703 existimo,
1532 2634 1681 2704 quod
1717 2637 1913 2705 placui
1958 2638 2059 2691 tibi
2102 2654 2217 2693 non
2252 2645 2487 2708 propter
2531 2641 2839 2696 nobilitatem

579 2724 891 2797 parehtum,
928 2725 1025 2779 sed
1048 2731 1280 2794 propter
1315 2725 1596 2779 honestam
1630 2738 1802 2778 meam
1836 2714 2311 2781 concenationem.
2349 2760 2419 2770 --
2451 2733 2670 2796 pectore
2696 2744 2841 2797 puro.

584 2816 797 2871 Ennius
834 2813 923 2868 bei
948 2813 1081 2868 Gell.
1122 2818 1169 2881 7,
1213 2819 1278 2868 17
1314 2830 1378 2869 ea
1415 2813 1636 2867 libertas
1670 2818 1751 2867 cst
1783 2814 1881 2882 qui
1906 2819 2099 2881 pectus
2125 2831 2336 2882 purum
2370 2821 2424 2871 et
2450 2816 2671 2883 firmum
2700 2816 2842 2886 9035-

584 2912 678 2961 tat.
717 2938 785 2946 —
821 2921 869 2957 v.
909 2904 993 2956 65.
1031 2903 1208 2970 Atqui
1242 2903 1294 2955 ei
1329 2903 1420 2957 vit.
1491 2902 1645 2956 Nun
1681 2902 1880 2969 aber,
1929 2916 2120 2956 wenn
2155 2902 2265 2957 ich
2302 2903 2845 2973 Eigenschaften

583 2992 897 3068 besitze,
936 2990 1046 3046 die
1083 2990 1207 3045 mir
1244 2990 1445 3045 deine
1485 2990 1703 3045 Liebe
1740 2989 2099 3059 gewinnen
2136 2991 2481 3061 konnen,
2519 3009 2679 3048 wem
2714 3008 2844 3046 ver·

588 3079 812 3136 danke
861 3080 973 3134 ich
1021 3078 1124 3135 sie
1173 3078 1276 3134 als
1315 3078 1603 3134 meinem
1639 3078 1886 3147 vuer,
1937 3079 2111 3133 eben
2160 3078 2331 3147 dem,
2381 3078 2511 3133 den
2559 3097 2708 3135 man
2739 3080 2845 3134 mir

586 3169 824 3223 immor
859 3166 1223 3223 vorwirft?
1261 3201 1330 3210 —
1366 3182 1433 3221 ac
1467 3183 1589 3221 mea
1614 3167 1820 3235 paucis
1854 3165 1942 3220 fur
1976 3182 2042 3220 ac
2070 3168 2273 3236 paucis
2307 3182 2442 3234 mea,
2485 3168 2607 3222 eine
2631 3166 2845 3223 111118161-

584 3258 717 3325 lung
753 3256 1080 3326 (synchysis,
1120 3255 1506 3326 hyperbaton),
1547 3253 1647 3308 wie
1676 3260 1722 3324 1,
1751 3258 1801 3323 5,
1837 3257 1906 3309 49
1941 3255 2191 3325 Namque
2221 3258 2346 3324 pila
2381 3258 2552 3326 lippis
2588 3258 2848 3312 inimicum

587 3351 640 3401 et
674 3345 854 3401 ludere
890 3343 1095 3399 crudis.
1137 3349 1183 3411 1,
1224 3348 1274 3412 8,
1313 3346 1382 3398 34
1418 3350 1689 3412 serpenbse
1725 3349 1883 3412 atque
1921 3342 2128 3398 ‘videres
2162 3344 2424 3411 Infernas
2459 3361 2653 3401 errare
2686 3359 2846 3399 canes.

590 3435 744 3488 Eben
784 3449 845 3489 so
883 3432 1001 3487 hier
1037 3449 1085 3485 v.
1114 3435 1182 3487 70
1218 3433 1270 3487 ei
1302 3437 1353 3486 et
1387 3433 1509 3486 vivo
1547 3446 1712 3487 carus
1747 3433 1940 3486 amicis
1974 3432 2085 3486 und
2127 3436 2226 3486 122
2262 3449 2433 3503 vagor
2469 3441 2569 3490 aut
2601 3451 2700 3504 eqo
2734 3435 2849 3489 lecto

589 3529 691 3579 aut
721 3523 927 3591 scripto
963 3521 999 3574 f.
1036 3537 1208 3591 vayor
1242 3537 1340 3591 eqo
1377 3526 1478 3575 aut
1510 3521 1641 3575 lecto
1677 3526 1777 3575 aut
1809 3535 1910 3575 eor.
1949 3520 2068 3589 Vgl.
2111 3526 2157 3588 1,
2200 3524 2283 3590 10,
2326 3524 2405 3576 19.
2432 3555 2503 3565 -
2538 3539 2588 3577 v.
2627 3526 2709 3578 68.
2745 3534 2848 3575 eor·

589 3613 697 3680 dee,
728 3612 824 3667 der
849 3610 1060 3680 einzige
1083 3608 1404 3665 lateinische
1429 3609 1723 3664 Ausdruck
1746 3608 1833 3663 fflr
1859 3624 2024 3664 unser
2050 3607 2235 3664 Geiz.
2261 3643 2330 3654 -—
2367 3616 2467 3666 aut
2498 3612 2646 3666 mala
2680 3612 2851 3665 kastra.

595 3704 667 3757 So
704 3701 882 3756 Bentl.
923 3707 1062 3754 statt
1101 3698 1199 3754 des
1235 3699 1376 3755 nach
1410 3715 1581 3766 neque
1617 3695 1957 3767 unriehtigen
1993 3713 2059 3752 ac
2094 3714 2162 3754 m.
2201 3700 2235 3755 1.
2295 3700 2477 3755 Ueber
2514 3698 2603 3754 die
2639 3698 2727 3753 bei
2758 3696 2851 3751 Ho-

586 3808 680 3846 raz
718 3789 1085 3860 gewohnliche
1112 3788 1282 3857 Folge
1311 3792 1801 3857 mque-neque·aut
1834 3802 1877 3841 s,
1914 3786 2034 3843 hier
2056 3788 2234 3843 Bentl.
2272 3787 2625 3858 Wenigstens
2662 3793 2854 3842 mfisstc

587 3887 730 3935 statt
780 3878 876 3933 des
926 3877 1171 3932 falschen
1217 3892 1283 3931 ac
1328 3876 1447 3930 hier
1494 3874 1695 3930 wieder
1739 3891 1837 3930 nec
1883 3873 2096 3946 folgen,
2145 3892 2257 3932 was
2296 3875 2414 3930 sich
2447 3893 2552 3931 nur
2587 3876 2642 3930 in
2676 3875 2855 3930 Einem
2970 3928 2971 3937 ,

588 3965 720 4023 Cod.
769 3966 914 4023 fand.
954 4000 1021 4009 —-
1068 3967 1229 4021 mala.
1308 3966 1360 4018 S.
1411 3981 1480 4018 zu
1523 3969 1588 4032 1,
1630 3968 1688 4033 1,
1729 3968 1809 4018 77.
1885 3965 1994 4029 [ac
2039 3966 2187 4019 mala
2235 3964 2374 4019 nach
2420 3963 2612 4019 Bland
2686 3963 2853 4018 Hora:

585 4056 767 4110 macht
815 4071 920 4109 nur
967 4055 1135 4109 zwei
1171 4054 1547 4123 Gegensiitze,
1596 4051 1683 4107 die
1733 4050 1850 4107 sich
1895 4052 1995 4108 wie
2043 4055 2241 4109 scelera
2290 4052 2402 4108 und
2432 4054 2653 4123 tlaqitia
2688 4059 2856 4106 unter-

590 4143 873 4199 scheiden:
913 4142 1000 4198 die
1026 4142 1384 4212 thatkruftige
1408 4142 1776 4197 Habsucht
1816 4141 1928 4195 und
1953 4141 2040 4197 die
2065 4141 2376 4212 unkrfflige
2398 4138 2855 4204 Gemeinheit;

589 4232 824 4286 letztere
860 4231 994 4287 wird
1031 4231 1204 4286 durch
1238 4231 1356 4285 ihre
1382 4228 1775 4299 Artbegriffe:
1816 4229 2202 4284 Knickerei
2238 4229 2350 4285 und
2374 4230 2713 4298 Wollust‚
2751 4244 2856 4283 ver·
2970 4274 2971 4281 ,

591 4320 837 4386 netem]
873 4352 942 4363 —
996 4335 1045 4375 v.
1082 4321 1166 4374 69.
1213 4334 1398 4387 purus
1443 4321 1565 4376 hier
1614 4318 1671 4372 in
1705 4318 2023 4389 Beziehung
2069 4318 2171 4375 auf
2205 4317 2305 4373 das
2339 4317 2543 4391 lente,
2599 4317 2687 4373 die
2722 4318 2859 4372 mala
