3032 5008
1055 444 1168 505 sat.
1211 443 1282 519 11,
1326 452 1369 504 1.
1408 465 1457 504 v.
1496 449 1719 504 ees-69.
2190 419 2195 434 '
2400 437 2523 500 253

378 621 586 688 Duxit
627 622 710 689 ab
755 633 1066 704 oppressa
1110 620 1410 692 meritum
1455 618 1846 703 Carthagine
1889 638 2140 702 nomen,

378 733 652 815 Ingenio
698 731 971 799 offensi?
1017 737 1133 798 aut
1174 731 1349 798 laeso
1395 731 1661 798 doluere
1703 729 1966 797 Metello

380 844 800 925 Famosisque
844 843 1026 925 Lupo
1072 847 1375 924 cooperto
1419 843 1764 910 versibus?
1810 842 1990 924 atqui

384 953 708 1021 Primores
753 953 975 1036 populi
1017 953 1293 1035 arripuit
1334 952 1769 1034 populumque
1816 951 2124 1034 tributim,

183 1178 193 1186 .
236 1107 437 1163 letem.
481 1106 609 1164 Crit.
647 1124 702 1177 p.
741 1111 826 1162 24.
866 1140 934 1150 -
970 1123 1018 1160 v.
1058 1109 1141 1161 67.
1180 1107 1374 1175 offensi
1405 1121 1477 1161 sc.
1514 1110 1668 1173 sunt,
1706 1104 1807 1161 wie
1841 1107 1992 1161 soliti
2026 1122 2074 1160 v.
2113 1108 2196 1162 74,
2274 1106 2328 1163 S.
2366 1125 2437 1165 zu
2479 1114 2528 1179 1,

238 1199 295 1266 2,
338 1195 431 1250 42.
472 1227 541 1239 —
591 1196 822 1251 Meteao.
898 1195 1076 1250 Schol.
1116 1193 1274 1263 Cruq.
1330 1193 1392 1265 Q.
1439 1193 1704 1249 Caecilius
1741 1195 1993 1250 Metellus
2033 1197 2343 1251 consularis
2384 1199 2531 1266 filios

239 1286 576 1340 consulares
609 1282 751 1339 vidit
783 1289 833 1340 et
867 1284 939 1338 ab
974 1284 1087 1339 illis
1121 1283 1294 1339 elatus
1329 1287 1421 1337 est.
1465 1282 1578 1337 Hic
1603 1288 1802 1351 potens
1831 1283 1948 1351 fuit
1981 1288 2215 1352 tempore
2251 1283 2531 1355 Scipionis

238 1372 546 1441 Africani,
582 1376 634 1427 et
666 1387 789 1427 cum
823 1374 886 1426 in
924 1373 1181 1428 concione
1217 1370 1486 1441 quaedam
1521 1376 1714 1426 contra
1749 1386 1805 1425 se
1842 1370 2054 1427 decreta
2089 1373 2377 1441 clamaret,
2414 1374 2530 1429 Sci·

235 1463 349 1532 pio
389 1463 508 1516 ait:
556 1461 642 1516 Hi
683 1466 815 1516 sunt
846 1476 983 1529 qnos
1018 1460 1334 1515 Hannibali
1367 1460 1566 1529 eripui.
1639 1459 1833 1515 Patere
1868 1476 2026 1530 erqo,
2071 1461 2281 1529 inquit,
2326 1476 2430 1516 nos
2464 1464 2529 1518 li·

241 1551 410 1605 beros
447 1564 576 1604 esse.
651 1549 735 1605 Ob
780 1549 911 1604 haee
955 1553 1007 1604 et
1039 1549 1156 1603 alia
1191 1548 1446 1603 Lucilius
1479 1548 1545 1601 in
1573 1549 1818 1617 qratiam
1852 1547 2135 1617 Scipionis
2168 1564 2290 1603 eum
2324 1552 2534 1618 camsit

239 1639 510 1708 quamvis
543 1637 789 1692 amicum.
860 1636 995 1693 Hier
1028 1634 1103 1692 ist
1140 1636 1356 1705 wieder,
1392 1634 1492 1691 wie
1530 1652 1602 1690 zu
1640 1651 1685 1687 v.
1729 1639 1811 1705 17,
1849 1634 1947 1690 der
1974 1637 2206 1706 jungere
2241 1636 2529 1695 Africanus

238 1726 348 1782 11111
390 1726 519 1780 (10111
553 1725 764 1781 01101·οη
799 1725 1171 1794 verwechsslt,
1208 1723 1310 1780 wie
1345 1724 1516 1779 sehon
1541 1722 1828 1792 Ruhnken.
1869 1741 1939 1779 zu
1965 1724 2153 1780 Vellei.
2185 1731 2231 1795 1,
2261 1731 2341 1781 11.
2380 1744 2433 1797 p.
2461 1731 2530 1783 45

236 1814 503 1870 bemerltt
548 1814 660 1869 hat.
734 1811 887 1870 Olme
924 1801 1146 1870 Zweifel
1189 1812 1262 1868 ist
1309 1811 1429 1867 hier
1475 1812 1573 1866 der
1616 1811 1676 1879 Q.
1714 1811 1971 1868 Metellus
2009 1812 2394 1871 Macedonicus
2443 1830 2532 1886 ge·

241 1910 445 1972 11011111,
487 1901 585 1957 der
618 1902 752 1957 uber
787 1901 893 1957 den
929 1901 1432 1972 Pseudophilippus
1470 1899 1818 1971 triumphirte
1854 1901 1932 1972 (S.
1968 1901 2185 1958 Ernest.
2214 1901 2356 1957 Clav.
2386 1901 2531 1973 Cio..)

245 1991 393 2047 Plin.
431 1990 500 2046 Η.
540 1991 606 2047 Ν.
647 1995 703 2060 7,
741 1993 810 2045 45
856 1989 1167 2046 beschreibt
1217 1991 1315 2046 das
1362 1989 1573 2045 seltene
1609 1988 1781 2044 Gluck
1818 1989 1997 2045 dieses
2034 1990 2320 2062 Metellus,
2373 2009 2529 2051 wozu

243 2080 374 2136 sich
412 2079 620 2150 jedoch
668 2079 811 2134 auch
857 2079 1102 2149 Ungluck
1146 2079 1341 2150 gesellt
1387 2078 1557 2147 habe,
1606 2076 1717 2132 und
1761 2076 1879 2148 fligt
1924 2077 2109 2134 hinzu:
2155 2034 2431 2149 Equidem
2477 2089 2529 2138 et

243 2169 532 2237 Africani
579 2169 847 2237 sequentis
903 2169 1186 2223 inimicum
1224 2168 1397 2235 fuisse
1451 2168 1625 2236 (hunc
1669 2168 1965 2234 Metellum)
2007 2169 2152 2222 inter
2194 2171 2533 2226 calamitates

243 2257 536 2325 duxerim,
584 2260 707 2326 ipso
742 2263 865 2313 teste
903 2257 1283 2325 Macedonico,
1321 2256 1589 2325 siquidem
1625 2258 1810 2313 liberis
1846 2255 2020 2311 dimit:
2075 2256 2185 2324 Ite,
2219 2259 2352 2326 filii,
2397 2261 2526 2314 cele-

247 2347 408 2401 brate
443 2346 729 2415 exequias,
764 2361 1051 2415 nunqnam
1086 2346 1222 2400 civis
1257 2346 1489 2400 maioris
1518 2347 1694 2413 fionas
1726 2344 1991 2400 videbitis.
2063 2346 2146 2400 Et
2177 2346 2278 2401 1100
2321 2348 2534 2403 dicebat

246 2436 372 2489 iam
408 2435 725 2489 Balearicis
758 2439 812 2490 et
844 2433 1213 2502 Diadematis,
1254 2436 1369 2488 iam
1404 2433 1798 2489 Macedonicus
1832 2435 1960 2501 ipse.
1999 2433 2155 2487 Eheu
2190 2450 2254 2489 00
2290 2436 2531 2491 rfihrend

248 2523 351 2593 ist,
398 2536 519 2577 was·
550 2522 645 2578 wir
678 2522 799 2577 hier
833 2538 934 2577 zur
966 2522 1335 2593 Erheiterung
1371 2521 1467 2577 des
1502 2522 1704 2577 Lesers
1745 2538 1846 2578 aus
1884 2522 2060 2578 Valet.
2099 2523 2245 2578 Max.
2285 2528 2335 2593 4,
2379 2526 2423 2594 1,
2467 2530 2531 2580 12

250 2612 551 2669 anfflhren:
608 2612 893 2667 Acerrime
947 2626 1068 2665 cnm
1112 2611 1368 2680 Scipione
1414 2612 1691 2680 Africano
1735 2612 2128 2667 Macedonicus
2180 2613 2528 2685 dissenserat,

250 2716 552 2770 eor-temque
595 2701 667 2755 ab
711 2700 1067 2756 aemulatione
1102 2700 1321 2755 virtutis
1349 2702 1602 2769 profecta
1638 2703 1906 2756 contentio
1942 2701 2021 2755 ad
2048 2716 2247 2771 yraves
2283 2708 2527 2759 testatas-

251 2807 358 2861 que
393 2791 721 2846 inimicitias
761 2804 1065 2859 proyressa
1101 2789 1304 2856 fuerat.
1376 2789 1488 2849 Sed
1533 2794 1712 2845 tamen
1747 2805 1868 2844 cum
1903 2790 2281 2859 interemptum
2316 2792 2528 2862 Scipio-

250 2896 382 2935 nem
416 2880 755 2934 conclamari
788 2877 1056 2945 audisset,
1104 2879 1166 2931 in
1197 2879 1483 2946 publicum
1527 2893 1584 2933 se
1623 2878 1913 2948 proripuit
1956 2885 2261 2947 moestoque
2295 2883 2446 2935 vultu
2483 2888 2535 2937 et

254 2984 385 3025 voce
406 2969 657 3036 confusa,
694 2967 1030 3036 Concurrite,
1069 2968 1392 3036 concurrite,
1430 2967 1627 3036 inquit,
1664 2967 1805 3021 cives
1813 2985 1833 3035 ;
1869 2969 2086 3022 moenia
2121 2970 2276 3022 urbis
2311 2976 2532 3024 nostrae

168 3094 175 3101 -
255 3072 448 3112 eversa
490 3061 633 3110 sunt.
704 3055 956 3124 Scipioni
996 3056 1141 3110 enim
1175 3056 1450 3125 Africano
1493 3055 1647 3109 intra
1690 3042 1820 3110 snos
1847 3061 2078 3123 penates
2112 3058 2410 3127 quiescenti
2440 3076 2530 3114 ne-

254 3147 420 3213 faria
454 3147 540 3200 vis
580 3146 739 3201 alata
787 3150 877 3199 est.
952 3136 1074 3214 vgi
1112 3143 1219 3199 Cic.
1256 3143 1324 3199 de
1360 3142 1458 3197 Off.
1502 3148 1558 3212 1,
1596 3146 1682 3197 25.
1755 3142 1823 3197 de
1860 3143 2072 3199 Amicit.
2113 3150 2196 3200 21.
2235 3180 2303 3190 -
2357 3164 2403 3200 v.
2444 3152 2529 3203 60.

256 3235 443 3303 Lupo.
483 3232 659 3288 801101.
688 3232 846 3302 Cruq.
882 3234 946 3287 P.
973 3233 1220 3288 Rutilius
1256 3233 1455 3301 Lupus
1487 3233 1680 3288 consul
1707 3233 1820 3299 fuit
1854 3248 1976 3287 cum
2011 3234 2079 3288 L.
2116 3234 2267 3291 Iulio
2303 3236 2535 3291 Caesare

259 3339 312 3377 a.
348 3340 405 3376 n.
444 3337 491 3377 c.
530 3324 648 3377 664.
721 3321 871 3377 Aber
913 3320 1011 3376 der
1047 3323 1278 3392 jungere
1315 3319 1604 3376 Africanus
1650 3336 1761 3375 war
1796 3321 1861 3390 ja
1910 3321 2081 3376 sehon
2116 3322 2188 3376 im
2222 3322 2271 3379 J.
2313 3327 2415 3380 625
2454 3342 2534 3380 er-

263 3411 497 3466 mordet.
570 3410 704 3466 Hier
730 3410 813 3471 ist
851 3410 939 3465 ein
975 3411 1176 3480 Lupus
1210 3420 1479 3480 genennt,
1528 3409 1626 3464 der
1662 3411 1832 3465 sehon
1869 3426 1939 3464 zu
1978 3410 2083 3464 den
2118 3411 2313 3467 Zeiten
2352 3413 2532 3470 dies'es

260 3499 557 3554 Africanus
595 3499 715 3554 eine
752 3514 944 3569 grosse
979 3499 1137 3554 Rolle
1173 3498 1397 3570 spielte;
1434 3496 1879 3554 wahrsoheinlich
1913 3499 1981 3553 L.
2010 3499 2292 3555 Cornelias
2328 3503 2560 3557 Lentu-·

256 3589 346 3643 tus
383 3588 615 3658 Lupus,
653 3586 726 3642 im
760 3587 810 3643 J.
850 3588 917 3643 R.
957 3590 1060 3643 597
1097 3587 1303 3644 conam
1337 3586 1435 3642 mit
1472 3586 1527 3641 0.
1567 3586 1805 3642 Marcius
1843 3586 2087 3655 Figulus.
2155 3588 2207 3643 0.
2246 3572 2366 3645 'hier
2403 3592 2537 3647 Tor-

255 3685 399 3732 rent.
476 3674 599 3732 Wie
634 3677 760 3733 hart
797 3675 982 3733 diesen
1021 3676 1264 3732 Lucilius
1302 3675 1633 3746 angegriffen
1668 3676 1848 3745 hatte,
1895 3675 2085 3730 lehren
2122 3676 2318 3734 dessen
2363 3681 2535 3735 Verse

258 3765 351 3821 bei
388 3765 495 3819 eie.
536 3765 604 3821 de
638 3775 750 3822 nat.
792 3766 939 3823 deor.
982 3771 1028 3836 1,
1068 3769 1136 3821 23
1175 3767 1419 3821 Tubulus
1453 3768 1506 3821 si
1539 3767 1756 3820 Lucius
1790 3780 2062 3833 unquam,
2102 3765 2169 3820 Si
2201 3768 2403 3836 Lupus
2439 3774 2539 3823 aut

261 3856 444 3911 Garbe
485 3855 653 3922 [aut]
695 3856 946 3925 Neptuni
963 3856 1106 3924 βλέπ’
1131 3856 1311 3911 Divos
1331 3856 1469 3910 Esse
1485 3858 1755 3923 putasset,
1794 3860 1904 3908 tam
1927 3855 2133 3923 impius
2155 3862 2256 3912 aut
2279 3858 2534 3926 periuru'

255 3947 475 4014 fnisset,
512 3943 614 3999 wie
636 3943 829 4007 Dousa
865 3944 1013 4000 diese
1036 3945 1208 4000 Verse
1244 3960 1344 4000 aus
1383 3942 1600 3998 Ciceros
1639 3942 1870 3997 Worten
1904 3943 2225 4011 hergestellt
2263 3946 2374 4003 1101.
2412 3948 2531 4018 Vgl.

259 4034 793 4102 Pers.1,114.—
842 4040 1105 4104 cooperto.
1183 4033 1402 4089 Sallust.
1441 4030 1558 4087 (10.1.
1597 4034 1664 4085 23
1704 4031 1937 4099 flaqitiis
1985 4039 2146 4099 atque
2188 4035 2538 4101 facinoribus

260 4128 564 4192 coopertus.
643 4122 716 4176 80
763 4124 1028 4191 infamia,
1076 4124 1401 4179 contumelia
1449 4124 1684 4190 opertus.
1759 4120 1811 4174 8.
1863 4121 1987 4174 dart
2024 4120 2195 4175 Corte.
2244 4155 2312 4165 —-
2362 4140 2408 4179 v.
2448 4127 2531 4180 69.

260 4213 539 4282 am'pnit,
575 4212 809 4281 invasit,
847 4228 1141 4290 aqqressus
1178 4218 1270 4267 est.
1345 4211 1518 4266 10011.
1557 4208 1797 4279 Hist.4,
1840 4214 1903 4264 17
1941 4209 2187 4264 stoinde
2223 4212 2536 4280 arriperent

213 4302 230 4363 ’.
261 4303 427 4356 vacui
458 4306 782 4372 occupatos,
818 4300 1025 4371 inteyri
1053 4298 1242 4370 fessos.
1308 4302 1334 4368 [
1363 4297 1550 4356 Vielm.
1590 4299 1667 4354 ad
1700 4290 1948 4354 tribunal
1980 4314 2140 4353 suum
2175 4290 2396 4370 rapuit',
2435 4302 2535 4357 wie

264 4395 315 4458 2,
361 4393 421 4459 3,
472 4392 577 4444 224
624 4391 1033 4446 Nomentanum
1067 4391 1258 4459 arripe
1290 4405 1508 4445 mecum.
1530 4390 1556 4455 l
1629 4387 1750 4444 Wie
1787 4387 1927 4443 ohne
1967 4387 2257 4459 Schouung
2292 4389 2535 4449 Lucilius
