3032 5008
581 394 705 454 364
1184 401 1300 458 Sat.
1337 401 1408 472 Π,
1449 404 1497 456 ὅ.
1553 399 1887 470 Einleitung.
1943 416 1992 454 v.
2035 404 2059 453 1
2101 417 2154 454 u.
2194 403 2244 455 2.

575 580 787 639 immet
828 579 1016 638 mehr.
1114 578 1311 652 Epist.
1370 582 1435 651 1,
1489 581 1555 651 1,
1605 579 1686 636 77
1742 575 1898 637 Pars
1952 575 2255 635 hominum
2309 575 2488 648 yestit
2537 576 2809 637 conducere

569 678 812 752 publica
827 698 847 736 .·
909 680 1051 736 sunt
1090 677 1195 749 qui
1241 674 1475 737 Orustis
1516 680 1575 735 et
1606 676 1797 748 pomis
1837 674 2053 733 viduas
2102 679 2392 735 venentur
2447 691 2666 735 avaras
2711 678 2809 735 Ez-

577 776 920 850 cipiantque
961 791 1141 842 senes,
1184 791 1328 847 quos
1369 776 1438 833 in
1491 774 1734 833 vivaria
1784 773 2054 832 mittant:
2108 773 2326 833 Multis
2376 774 2600 833 occulto
2649 775 2812 834 crevit

572 891 670 934 res
714 873 933 945 fenore.
1011 873 1221 932 Senes.
1269 872 1343 932 de
1372 870 1582 932 Benef.
1619 876 1676 946 6,
1710 875 1791 932 38
1837 869 1944 929 An
1987 875 2054 931 tu
2079 869 2448 933 Arruntium
2490 876 2550 930 et
2574 869 2809 932 Atei-ium

573 977 631 1032 et
657 976 887 1039 ceteros,
917 971 1021 1044 qui
1050 970 1477 1043 captandorum
1508 973 1982 1029 testamentorum
2022 973 2251 1028 artem
2282 969 2620 1042 professi
2657 973 2814 1037 sunt,

573 1087 695 1128 non
729 1073 916 1143 putas
959 1068 1161 1127 eadem
1204 1068 1445 1135 habere,
1501 1085 1652 1141 quae
1694 1068 2094 1141 desiqnatores
2138 1071 2196 1126 et
2231 1067 2624 1136 libitinarios,
2665 1068 2809 1126 cota?

574 1168 706 1241 Vgl.
753 1166 948 1241 Epist.
1000 1170 1080 1225 68
1127 1165 1247 1226 und
1291 1167 1551 1225 Iuvenal.
1602 1166 1725 1225 Sat.
1778 1169 1874 1226 12.
1962 1165 2116 1226 Plin.
2176 1165 2251 1224 Η.
2314 1165 2388 1224 N.
2450 1169 2528 1224 14
2584 1183 2810 1240 prooem.

564 1269 877 1340 postquam
922 1279 1154 1337 coepere
1208 1264 1431 1322 orbitas
1481 1264 1578 1321 in·
1604 1264 1952 1324 auctoritate
2003 1281 2237 1324 summa
2293 1268 2352 1324 et
2399 1265 2658 1339 potentia
2707 1282 2813 1331 esse.

572 1363 828 1436 captatio
891 1363 959 1420 in
1022 1364 1268 1435 quaestu
1334 1360 1700 1431 fertilissimo
1768 1379 1838 1421 ac
1902 1363 2031 1423 sola
2090 1362 2323 1436 qaudia
2376 1363 2444 1420 in
2484 1362 2815 1436 possidmdo,

564 1478 805 1536 pessum
846 1460 968 1519 iere
1010 1461 1167 1519 vitae
1210 1459 1429 1531 pretia.
1514 1459 1758 1520 Petron.
1807 1461 1929 1520 Sat.
1981 1464 2102 1520 124
2166 1461 2425 1522 Crotona
2472 1461 2813 1526 intravimus,

569 1559 675 1619 ubi
720 1603 734 1617 .
782 1602 796 1617 .
842 1558 1157 1618 incidimus
1199 1558 1267 1615 in
1309 1557 1546 1616 turbam
1591 1558 2078 1632 heredipetarum.
2142 1558 2221 1619 Ja
2251 1557 2465 1619 Cicero
2499 1564 2632 1633 sagt
2661 1559 2814 1618 sehon

569 1656 785 1717 Parad.
834 1659 901 1731 5,
949 1660 986 1716 2
1042 1653 1147 1714 An
1200 1672 1401 1714 eorum
1452 1657 1707 1715 servitus
1747 1655 1931 1715 dubia
1975 1661 2081 1725 est,
2125 1657 2230 1731 qui
2273 1656 2594 1730 cupiditate
2628 1655 2817 1729 peculii

568 1754 800 1814 nullam
852 1753 1238 1815 conditionem
1301 1757 1580 1813 recusant
1639 1754 1993 1814 durissimae
2050 1755 2395 1816 servitutis?
2481 1754 2819 1814 Hereditatis
2943 1761 2944 1774 ³

566 1870 697 1925 spes
739 1852 884 1926 quid
922 1852 1257 1924 inionitatis
1296 1851 1365 1909 in
1405 1850 1713 1910 serviendo
1769 1869 1889 1911 non
1944 1854 2232 1927 suscipit?
2283 1869 2456 1926 quem
2505 1857 2711 1913 nidmu
2757 1854 2822 1912 lo-

568 1950 812 2024 cupletis
872 1951 1002 2010 orbi
1051 1950 1208 2009 senis
1257 1965 1375 2008 non
1427 1949 1743 2009 observat?
1795 1950 2055 2024 loquitur
2105 1951 2187 2010 ad
2236 1951 2635 2011 voluntatem.-
2688 1952 2822 2025 quic-
2943 1925 2944 1950 ἒ

568 2049 717 2122 quid
754 2047 1172 2109 denunciatum
1213 2047 1308 2115 sit,
1352 2045 1506 2119 facit
1523 2067 1542 2105 .·
1590 2051 1930 2116 assectatur,
1975 2049 2209 2117 assidet,
2251 2053 2627 2109 maneratun
2689 2048 2824 2125 Quid
2943 2059 2944 2070 ¹

572 2148 783 2207 horum
825 2149 912 2205 est
936 2146 1167 2205 liberi?
1215 2144 1360 2218 quid
1396 2161 1522 2204 non
1567 2145 1814 2219 denique
1856 2149 2014 2208 servi
2054 2149 2310 2207 inertis?
2379 2148 2512 2222 Vgl.
2559 2148 2721 2223 Lips.
2763 2165 2820 2208 zu
2942 2165 2944 2180 ¹

568 2245 779 2305 Senes.
838 2245 911 2305 de
969 2243 1277 2304 Constant.
1340 2260 1466 2317 sap.
1529 2245 1586 2303 5.
1688 2245 1894 2320 Gegen
1953 2248 2117 2306 diese
2171 2250 2525 2320 captatores,
2596 2250 2702 2308 wie
2749 2245 2821 2306 sie

569 2343 892 2419 eigentlich
950 2343 1219 2415 hiessen,
1275 2340 1356 2401 ist
1411 2341 1574 2408 disse
1631 2343 1828 2404 Satire
1882 2344 2206 2420 gerichtet,
2266 2345 2399 2405 eine
2457 2345 2824 2418 Darstellung
2943 2405 2944 2408 ,

568 2442 677 2502 der
731 2441 1039 2517 niedrigen
1093 2440 1303 2499 Rfinke
1366 2439 1486 2499 und
1541 2440 1851 2517 Schliche,
1918 2460 2026 2503 aus
2085 2443 2280 2504 denen
2336 2442 2504 2503 diese
2569 2447 2683 2503 Art
2728 2459 2823 2504 von
2943 2453 2944 2523 ξ

567 2540 815 2600 Erwerb
861 2539 1142 2613 bestand,
1188 2539 1596 2614 eingekleidet
1639 2541 1699 2600 in
1746 2542 1842 2601 ein
1889 2542 2199 2617 Gesprfich
2244 2542 2539 2602 zwischen
2586 2542 2822 2601 Tiresias

567 2638 692 2699 und
747 2639 998 2713 Ulysses
1053 2638 1116 2696 in
1171 2637 1277 2697 der
1327 2638 1678 2697 Unterwelt.
1779 2640 1849 2698 In
1909 2640 2108 2700 dieser
2160 2639 2571 2725 Einkleiglung
2622 2640 2700 2699 ist
2741 2639 2824 2697 ein
2943 2678 2944 2687 ι

568 2736 1000 2796 Meisterstuck
1067 2752 1180 2797 von
1246 2735 1445 2795 Ironie
1515 2735 2071 2813 hervorgegangen,
2141 2736 2357 2798 nachst
2422 2737 2535 2797 der
2588 2742 2822 2797 neunten
2943 2802 2944 2807 γ

571 2834 767 2895 Satire
814 2832 920 2894 des
967 2839 1171 2895 ersten
1201 2833 1399 2893 Buchs
1445 2833 1597 2892 wohl
1645 2833 1753 2893 das
1799 2836 2227 2896 anziehendste
2273 2841 2450 2895 unter
2495 2836 2698 2896 diesen
2725 2834 2820 2893 Ge·

569 2931 811 2994 dichten
856 2930 956 2991 fur
999 2933 1113 2993 den
1154 2932 1419 3007 Jetzigen
1462 2931 1670 2991 Leser.

1506 3161 1943 3170 --—--———-———-—-.

700 3299 890 3399 Hoc
935 3351 1207 3415 quoque,
1254 3333 1524 3414 Tiresia,
1568 3337 1831 3414 praeter
1874 3337 2139 3399 narrata
2179 3333 2432 3415 petenti

696 3444 1054 3525 Responde,
1101 3444 1332 3526 quibus
1377 3444 1647 3510 emissas
1689 3462 1997 3526 reparare
2044 3456 2273 3525 queam
2318 3463 2427 3510 res

716 3621 781 3675 V.
825 3627 873 3676 1.
909 3623 1036 3676 Hoc
1071 3638 1298 3691 quoque,
1339 3623 1569 3679 Tiresia.
1624 3621 1790 3678 Diese
1826 3623 2021 3678 Worte
2059 3623 2359 3679 schliessen
2395 3622 2514 3679 sich
2550 3640 2618 3679 sn
2655 3621 2830 3705 Odysg-
2943 3592 2944 3631 ÷

574 3714 652 3781 A,
693 3714 819 3780 137,
858 3727 942 3766 wo
980 3709 1220 3765 Tiresias
1267 3710 1323 3764 in
1370 3710 1469 3765 der
1504 3710 1808 3766 Unterwelt
1853 3711 1974 3765 dem
2010 3710 2238 3781 Ulysses
2281 3712 2418 3767 fiber
2462 3712 2569 3773 den
2605 3707 2834 3767 Znstsnd

579 3799 761 3854 seines
798 3799 1013 3854 Hauses
1061 3798 1174 3854 und
1224 3797 1340 3853 sein
1384 3797 1662 3868 knnftiges
1702 3797 1983 3853 Schicksal
2019 3800 2300 3856 Auskunft
2345 3801 2590 3871 gegeben
2630 3800 2741 3855 hat.
2775 3829 2830 3840 -
2943 3822 2944 3867 f

572 3888 802 3941 Tiresia.
881 3887 994 3941 Der
1048 3887 1331 3942 berfihmte
1385 3886 1568 3941 blinde
1619 3885 1791 3941 Seher
1850 3903 1922 3941 zu
1968 3888 2221 3959 Theben,
2284 3889 2436 3945 Sohn
2489 3889 2589 3943 des
2633 3888 2830 3943 Enete·
2943 3890 2944 3927 ἲ

569 3975 682 4030 und
720 3975 817 4030 der
851 3976 1103 4046 Nymphe
1141 3974 1393 4030 Chariklo
1432 3974 1508 4044 (S.
1550 3973 1804 4043 Apollod.
1844 3978 1903 4042 3,
1941 3976 1991 4043 6,
2031 3979 2065 4029 7
2098 3975 2196 4031 mit
2235 3975 2334 4031 der
2367 3977 2435 4031 N.
2477 3993 2584 4031 von
2616 3971 2832 4045 Heyne),

570 4063 813 4118 welchen
850 4081 920 4119 zu
958 4062 1247 4133 besl-agen,
1297 4062 1525 4132 Ulysses
1574 4062 1674 4117 auf
1705 4063 1812 4117 den
1846 4061 1996 4117 Rath
2033 4063 2130 4118 der
2165 4062 2317 4118 Circe
2353 4079 2425 4119 an
2462 4062 2569 4118 den
2603 4062 2836 4131 Eingang

567 4149 627 4204 in
666 4150 754 4206 die
788 4151 1090 4207 Unterwelt
1128 4151 1246 4207 sich
1279 4150 1513 4221 begiebt.
1553 4184 1622 4194 —
1650 4156 1876 4221 praeter
1910 4158 2165 4207 narrata.
2239 4152 2417 4208 Schol.
2458 4153 2581 4207 Acr.
2620 4152 2837 4205 Prae&

572 4253 639 4293 ea
675 4254 815 4306 quae
848 4239 989 4293 mihi
1023 4240 1169 4294 dicta
1204 4245 1339 4293 sunt
1371 4256 1408 4293 a
1443 4244 1506 4294 te.
1582 4239 1845 4294 Narrare
1879 4238 1915 4293 f.
1955 4239 2146 4294 dicere.
2208 4239 2260 4294 S.
2301 4257 2373 4295 zu
2413 4244 2462 4310 1,
2500 4243 2552 4309 9,
2589 4243 2673 4295 52.
2743 4236 2834 4290 Et·

575 4324 728 4381 zahlt
769 4326 867 4379 hat
915 4325 1040 4381 dort
1082 4325 1138 4380 in
1183 4326 1282 4382 der
1327 4325 1573 4397 Odyssee
1610 4326 1849 4383 Tiresias
1895 4326 2094 4384 nichts.
2144 4360 2214 4373 --
2266 4345 2316 4382 v.
2354 4331 2405 4383 2.
2459 4330 2696 4384 avo-im
2737 4337 2830 4379 ret.
