3032 5008
966 410 1080 468 Sat.
1121 413 1192 484 11,
1233 415 1278 469 5.
1318 428 1366 468 v.
1404 417 1631 471 80—87.
2306 404 2429 469 379

304 587 436 655 Nec
477 592 726 655 tantum
769 588 1058 669 Veneri8‚
1103 593 1411 672 quantum
1454 590 1747 678 studiosa
1790 589 2071 670 culinae3
2185 627 2192 633 -
2350 594 2428 652 80

303 698 404 766 Sic
444 699 562 766 tibi
606 701 927 783 Penelope
971 700 1145 783 frugi
1185 706 1301 768 est.
1393 701 1572 779 Quae
1616 703 1670 768 si
1713 703 1911 768 semel
1952 719 2080 768 uno

301 812 394 876 De
440 830 591 878 sene
636 813 919 894 gustarit
960 818 1172 879 tecum
1217 812 1459 894 partita
1501 813 1817 894 lucellum,

300 920 391 987 Ut
430 924 604 989 canis
648 943 687 990 a
731 924 901 990 corio
946 941 1291 1006 numquam
1338 924 1805 991 absterrebitur
1849 932 2059 992 uncto.

298 1032 401 1097 Me
446 1053 618 1115 sene,
664 1036 834 1115 quod
877 1035 1100 1116 dicam,
1145 1035 1385 1102 factum
1431 1039 1550 1101 est,
1638 1035 1817 1101 A'nus
1859 1035 2150 1118 improba
2193 1035 2430 1102 Thebis

298 1144 389 1208 Ex
433 1150 821 1212 testamento
866 1148 957 1213 sic
1003 1147 1346 1212 est-elata:
1395 1146 1670 1212 cadaver
2349 1149 2425 1208 85

299 1255 569 1320 Unctum
619 1256 760 1322 oleo
804 1256 989 1338 largo
1028 1258 1217 1323 nudis
1262 1256 1546 1322 humeris
1588 1257 1739 1322 tulit
1779 1258 2002 1338 heres;

298 1365 553 1432 Scilicet
597 1368 761 1433 elabi
808 1369 862 1434 si
906 1372 1129 1449 posset
1170 1373 1427 1433 mortua
1467 1371 1582 1434 —i
1630 1370 1843 1449 cred0‚

180 1534 273 1572 um
306 1535 537 1589 grosse
576 1520 962 1577 Geschenke
1000 1539 1078 1577 zu
1114 1522 1412 1591 bringen.
1485 1522 1668 1577 Wozu
1705 1521 1820 1577 also
1856 1522 1977 1577 hier
2010 1522 2428 1591 Aenderungen‚

176 1605 265 1660 wie
313 1610 460 1664 venit
508 1611 654 1664 enim
706 1625 908 1678 mayno
971 1614 1197 1678 (magno
1262 1626 1318 1687 se
1364 1611 1470 1663 emi
1508 1612 1759 1678 postulat
1803 1611 2121 1679 Penelope).·
2179 1609 2433 1665 donandi

172 1710 341 1762 parca
374 1698 646 1766 iuventus,
685 1697 835 1767 oder,
873 1697 975 1751 wie
1010 1697 1187 1752 Bentl.
1227 1714 1389 1766 sogal·
1425 1697 1497 1752 im
1525 1698 1702 1752 Texte
1739 1699 2093 1767 geschrieben
2129 1700 2242 1766 hat,
2271 1701 2434 1754 Venit

178 1786 333 1850 enm,
382 1786 677 1856 indignum
694 1828 708 1852 ,
753 1785 1008 1841 donandi
1043 1801 1226 1855 parca
1272 1785 1567 1841 iuventus?
1637 1787 1772 1841 Was
1815 1793 1961 1843 ware
2006 1786 2128 1841 hier
2161 1786 2429 1856 widriger,

177 1870 249 1926 11111
300 1873 412 1929 dies
432 1874 568 1929 ·mit
612 1874 792 1930 Affeot
846 1874 1188 1929 eintretende
1237 1875 1530 1943 indiqnum
1581 1875 1637 1928 in
1680 1874 1860 1930 dieser
1905 1875 2138 1944 ruhigen
2187 1874 2431 1944 Sprache

183 1959 271 2014 des
311 1960 549 2016 Sehers?
585 1994 654 2004 -
701 1979 751 2016 v.
789 1966 874 2017 81.
911 1964 1191 2031 Penelope.
1268 1961 1340 2016 So
1375 1962 1496 2016 hier
1531 1962 1637 2017 alle
1675 1963 1870 2032 codd„
1919 1962 2020 2017 wie
2056 1962 2231 2017 Bentl.
2273 1980 2344 2017 zu
2381 1979 2430 2016 v.

179 2050 238 2099 76
271 2049 442 2104 selbot
481 2058 619 2118 sagt.
677 2050 896 2106 Musste
933 2050 1144 2119 Horaz,
1179 2065 1335 2104 wenn
1372 2066 1432 2102 er
1464 2066 1513 2103 v.
1554 2053 1623 2105 76
1657 2050 1729 2105 1111
1765 2067 1944 2107 accus.
1986 2050 2075 2104 die
2109 2050 2432 2105 lateinische

173 2135 325 2190 Form
368 2138 605 2207 gewfihlt
652 2138 837 2207 hatte,
888 2140 1028 2194 auch
1075 2137 1194 2192 hier
1229 2137 1581 2207 nothwendig
1621 2140 1895 2207 Penelopa
1931 2137 2242 2205 schreiben‚
2293 2138 2432 2193 auch

172 2237 317 2276 wenn
351 2223 442 2278 die
481 2224 680 2292 grieeh.
720 2227 886 2281 Form
923 2227 994 2281 im
1028 2226 1359 2295 Nominativ‚
1399 2228 1692 2295 Penelope,
1732 2244 1869 2296 ganz
1907 2225 2240 2281 hen-schem}
2278 2226 2431 2281 war?

172 2311 362 2380 [Quae
399 2312 449 2367 (1.
491 2313 544 2368 11.
584 2316 664 2368 At
697 2330 792 2381 ea,
831 2315 931 2369 wie
973 2320 1018 2383 1,
1060 2318 1105 2383 1,
1151 2317 1233 2369 36.
1306 2314 1432 2369 de.
1470 2333 1522 2369 u.
1563 2331 1609 2369 a.
1649 2315 1827 2370 haben
1866 2315 1950 2368 ein
1991 2314 2258 2368 Punctum
2294 2314 2433 2367 nach

171 2400 395 2467 malinae,
450 2400 537 2454 0111
574 2399 793 2456 Comma
836 2402 975 2457 nach
1017 2405 1180 2473 frum·
1222 2409 1314 2459 est.
1388 2404 1538 2457 Aber
1580 2403 1660 2456 sic
1705 2402 1755 2455 d.
1795 2403 1848 2456 h.
1899 2417 2002 2456 nur
2038 2401 2228 2456 darum
2262 2401 2433 2456 bleibt

170 2485 220 2541 P.
264 2493 409 2557 tren,
469 2487 589 2544 weil
641 2488 722 2544 sie
775 2504 900 2544 nur
961 2490 1148 2547 kalte
1208 2490 1336 2546 und
1400 2504 1744 2560 sparsame
1798 2490 2110 2545 Liebhaber
2159 2490 2288 2557 hat,
2343 2491 2433 2545 be-

170 2575 304 2631 zieht
356 2576 477 2632 sich
525 2576 768 2632 offenbar
812 2576 912 2633 auf
952 2578 1050 2633 das
1098 2580 1310 2649 vorige‚
1357 2579 1507 2633 nicht
1557 2578 1658 2632 wie
1697 2578 1811 2633 Sat.
1851 2582 1906 2646 2,
1947 2581 2003 2645 3,
2043 2581 2147 2632 300
2194 2578 2294 2632 auf
2333 2578 2431 2635 das

170 2661 471 2733 folgende.]
517 2698 586 2709 —
634 2682 682 2721 v.
721 2669 805 2721 83.
860 2666 932 2721 Ut
975 2670 1132 2722 canis
1175 2686 1212 2721 a
1259 2670 1428 2722 corio.
1505 2665 1682 2719 Schol.
1735 2666 1934 2735 Porph.
1986 2667 2430 2721 Proverbialiter.

168 2752 461 2822 Numquam
496 2752 707 2808 desinet
742 2753 844 2809 hoc
878 2756 1078 2821 facere.
1119 2756 1347 2810 Theoer.
1391 2759 1473 2821 10,
1519 2758 1577 2808 11
1620 2750 1875 2823 χαλεπὸν
1909 2756 2080 2825 χορίω
2116 2752 2260 2808 κύνα
2293 2757 2433 2825 γεῦ-

167 2858 265 2909 σαι,
331 2842 576 2913 Alciphr.
617 2847 679 2908 3,
719 2845 788 2896 47
835 2840 969 2897 οὐδὲ
1014 2843 1128 2913 γὰρ
1171 2837 1319 2897 κύων
1367 2847 1758 2911 σκυτοτραγεῖν
1798 2844 2063 2912 μαθοῦσα
2111 2846 2207 2910 τῆς
2247 2845 2436 2912 τέχνης

167 2923 482 2997 ἐπιλήσεται.
554 2929 776 2984 Luoian.
817 2929 935 2984 adv,
975 2930 1185 2985 Indoct.
1226 2934 1295 2984 25
1343 2928 1473 2985 οὐδὲ
1513 2928 1623 3001 γὰρ
1667 2926 1818 2984 κύων
1862 2926 2011 2991 ἅπαξ
2055 2925 2306 2983 παύσαιτ’
2363 2926 2436 2983 ἄν

169 3024 553 3087 σκυτοτραγεῖν
591 3018 872 3090 μαθοῦσα.
945 3018 1058 3073 Das
1100 3018 1450 3088 Spriichwort
1498 3033 1612 3071 war
1657 3017 1797 3072 nach
1836 3017 1940 3071 den
1981 3017 2341 3086 Paroemiogr.
2381 3034 2434 3087 p.

167 3104 261 3157 569
284 3104 543 3174 χαλεπὸν
574 3107 840 3177 μαθοῦσα
874 3103 1025 3160 nomio
1059 3112 1464 3178 σκυτοτραγεῖν.
1525 3106 1707 3161 Unser
1745 3105 2125 3175 Sprtichwort:
2164 3121 2246 3159 an
2281 3105 2434 3160 Rie-

165 3206 299 3245 meu
334 3194 520 3249 lernt
558 3194 673 3249 (101·
705 3193 905 3248 Hund
938 3174 1166 3249 Leder
1202 3195 1432 3248 kaueu.
1472 3225 1544 3235 -
1588 3210 1636 3247 v.
1676 3196 1758 3249 84.
1809 3194 1902 3249 Me
1937 3210 2086 3261 sene,
2132 3194 2284 3264 quod
2326 3195 2431 3250 dic.

165 3278 277 3334 Wie
300 3281 510 3336 konnte
535 3281 749 3336 Gesner
778 3281 1010 3336 daruber
1043 3282 1315 3351 ungewiss
1354 3280 1488 3347 sein,
1528 3281 1597 3337 ob
1634 3281 1755 3336 11101·
1789 3281 1911 3335 01110
1949 3282 2152 3338 (1111111110
2191 3283 2434 3338 wirklich

162 3365 213 3419 iu
246 3364 382 3423 Rom
432 3368 798 3438 vorgefallene
839 3367 1013 3424 Sache
1052 3371 1263 3425 erzfihlt
1302 3369 1521 3425 werde?
1593 3368 1659 3423 In
1695 3370 1915 3424 Petron.
1958 3364 2119 3424 Sutir.
2164 3373 2259 3425 141
2301 3370 2430 3425 liest

164 3453 254 3509 der
299 3472 411 3513 von
444 3455 901 3512 Erbschleichern
950 3456 1216 3527 verfolgte
1265 3457 1571 3525 Eumolpus
1617 3456 1733 3511 sein
1781 3458 2100 3512 Testameut
2146 3458 2430 3528 folgendes

163 3540 363 3600 Inhalte
404 3561 528 3599 vor:
571 3546 773 3601 Omnes
809 3546 908 3613 qui
940 3546 1002 3600 in
1039 3551 1354 3601 testamento
1389 3562 1505 3600 meo
1543 3546 1722 3613 leyata
1757 3545 1977 3611 habent,
2015 3553 2237 3614 praeter
2273 3548 2432 3603 liber-

160 3634 237 3684 tos
259 3648 419 3699 meos,
463 3633 568 3687 hae
605 3631 920 3687 conditione
950 3637 1275 3703 percipient,
1314 3650 1450 3701 quae
1488 3631 1632 3699 dedi,
1670 3633 1724 3686 ei
1756 3648 1960 3700 corpus
1995 3648 2170 3687 meum
2204 3635 2266 3687 in
2295 3649 2432 3702 par-

160 3721 230 3772 tes
251 3719 595 3777 conciderint
629 3727 696 3789 et,
736 3722 992 3777 adstante
1019 3725 1249 3792 populo,
1288 3722 1618 3776 comederint
1651 3726 1744 3774 etc.
1781 3753 1846 3762 —
1884 3721 2135 3788 improba
2170 3722 2288 3776 11101·
2323 3737 2431 3775 von

159 3805 501 3865 boshafter
539 3809 969 3865 Schalkheit.
1044 3810 1161 3880 Vgl.
1209 3813 1265 3878 1,
1304 3812 1364 3876 9,
1408 3812 1489 3862 73.
1530 3840 1597 3849 --
1646 3823 1692 3860 v.
1733 3812 1816 3862 87.
1866 3806 2104 3873 Scilicet,
2156 3807 2427 3875 δηλονότι,

158 3894 476 3951 offenbar.
547 3899 602 3950 ei
628 3903 847 3965 posset,
898 3898 966 3951 ob
1005 3898 1083 3952 sie
1122 3904 1264 3951 etwa
1298 3896 1520 3951 konnte.
1597 3894 1775 3949 Schol.
1816 3896 1940 3949 Aer.
1979 3895 2187 3950 Sensus
2220 3897 2302 3950 ita
2338 3895 2426 3949 de-

157 3984 329 4040 clarat
370 4000 543 4040 anum
589 3989 837 4038 tesmtam
880 4001 1017 4053 esse,
1065 3991 1127 4040 ut
1144 4026 1158 4052 ,
1204 3986 1257 4038 ei
1291 3984 1529 4038 cadaver
1566 3984 1686 4037 eius
1722 3985 1964 4050 elapsum
1999 3988 2156 4043 esset,
2203 3985 2281 4048 ie,
2330 3985 2431 4051 qui

155 4086 261 4124 mn
287 4074 619 4141 permiscet,
655 4074 757 4128 illa
792 4078 1004 4127 careret
1036 4073 1344 4128 hereditate.
1418 4073 1544 4125 Hoc
1579 4077 1758 4126 autem
1797 4071 1954 4137 dicit,
1991 4077 2055 4125 ut
2086 4069 2431 4139 heredipetae

155 4166 393 4226 moneat,
440 4161 617 4213 nimia
662 4159 922 4229 obsequia
967 4160 1257 4215 declinare.
1332 4160 1532 4227 [Nach
1566 4157 1693 4212 de.
1732 4176 1783 4212 u.
1823 4175 1871 4212 a.
1913 4158 2123 4213 enthfflt
2159 4159 2213 4211 si
2239 4164 2427 4226 posset
2498 4194 2521 4216 .

155 4246 294 4300 elabi
340 4247 439 4302 das
477 4246 694 4303 Motiv
745 4248 844 4302 der
880 4248 1265 4317 Vel-ordnung:
1316 4265 1413 4302 um
1461 4248 1588 4303 ihm
1638 4265 1709 4303 so
1760 4247 2115 4302 vielleioht
2162 4263 2242 4301 zu
2292 4256 2431 4303 ent-

157 4333 539 4405 schlupfen,
578 4335 680 4391 wie
716 4339 780 4405 2,
818 4338 877 4404 6,
917 4339 1013 4405 31;
1048 4335 1187 4393 nach
1223 4335 1368 4390 Acro
1407 4336 1539 4392 aber
1572 4335 1833 4409 riehtiger
1869 4335 1990 4391 eine
2028 4334 2295 4391 Clausel
2332 4334 2430 4391 des
