3032 5008
484 409 603 476 132
1293 418 1407 476 Sat.
1448 413 1492 489 1,
1531 419 1581 475 5.
1619 433 1668 473 v.
1710 415 1933 475 73.-79.

605 594 770 662 Nam
816 613 982 677 vaga
1024 611 1142 675 per
1189 596 1475 660 veterem
1523 592 1771 675 dilapso
1814 590 2070 658 flamma
2113 590 2387 658 culinam

609 706 894 773 Volcano
943 723 1259 772 summum
1301 703 1697 786 properabat
1742 702 2027 769 lambere
2071 707 2333 769 tectum.

610 805 925 884 Convivas
971 816 1191 882 avidos
1237 833 1497 880 coenam
1543 832 1893 896 servosque
1939 814 2225 880 timentis
2671 818 2739 873 75

609 929 771 994 Tum
815 946 1047 1011 rapere
1095 932 1288 1010 atque
1336 925 1540 991 omnis
1585 926 1994 1007 restinguere
2038 924 2202 992 velle
2248 923 2528 990 videres,

615 1040 852 1122 Incipit
895 1058 973 1104 ex
1018 1037 1128 1104 illo
1173 1037 1407 1103 montis
1455 1036 1737 1118 Appulia
1779 1042 1967 1102 notos

609 1149 954 1215 Ostentare
1000 1148 1175 1230 mihi,
1222 1166 1383 1230 quos
1429 1151 1638 1213 torret
1679 1146 1997 1213 Atabulus
2043 1152 2111 1212 et
2155 1164 2314 1228 quos

602 1262 967 1343 Numquam
1013 1278 1407 1342 erepsemuS,
1452 1259 1577 1325 nisi
1620 1277 1737 1325 nos
1781 1258 1994 1324 vicina
2039 1257 2275 1324 Trivici

477 1444 650 1499 Tacit.
691 1444 831 1497 Anu.
869 1423 930 1512 '6,
969 1448 1002 1499 7
1050 1459 1222 1513 neque
1265 1457 1386 1496 eum
1431 1440 1697 1511 iynaruS,
1745 1457 1782 1495 a
1818 1442 2102 1510 plerisque
2148 1441 2514 1511 scriptoribus
2558 1441 2753 1495 omiaaa

475 1534 768 1587 multorum
796 1533 1050 1599 pericula
1087 1535 1138 1585 et
1165 1540 1400 1599 poenas,
1439 1528 1571 1584 dum
1595 1530 1755 1600 copia
1773 1530 2060 1597 fatiscunt,
2098 1534 2212 1596 aut,
2253 1544 2395 1596 quae
2418 1530 2562 1597 ipsis
2574 1529 2753 1582 onmia

475 1625 527 1675 et
561 1626 764 1675 moesta
795 1605 1049 1688 'sicem-ant,
1095 1635 1163 1673 ne
1199 1619 1341 1688 pari
1383 1617 1567 1673 taedio
1615 1619 1847 1696 lectaros
1883 1618 2180 1685 afficerent,
2217 1623 2489 1672 verentur.
2570 1619 2651 1686 13,
2694 1618 2751 1670 15

477 1707 588 1764 Sed
611 1708 763 1763 Nero
790 1750 802 1761 .
829 1750 842 1763 .
869 1707 1053 1762 iubere
1078 1708 1409 1776 supplicium
1431 1707 1714 1775 veneficae,
1754 1705 1918 1775 quod,
1957 1705 2088 1760 dum
2122 1721 2399 1761 rumore-m
2433 1707 2749 1775 respiciunt,
2786 1737 2801 1752 ·

479 1795 612 1849 dum
653 1801 873 1865 parant
925 1794 1287 1863 defensione&
1357 1796 1701 1849 securitatem
1750 1785 2122 1849 morarentzir.
2216 1799 2307 1864 15,
2364 1798 2398 1849 2
2451 1793 2748 1858 mandavit,

481 1883 765 1953 Tiqranen
790 1884 1062 1938 Armenia
1092 1875 1395 1952 exturbari,
1417 1882 1567 1948 mlum
1603 1885 1722 1952 ipse
1759 1925 1770 1937 .
1811 1923 1824 1938 .
1860 1885 2006 1937 vires
2041 1884 2270 1937 intimas
2306 1884 2603 1951 molemque
2638 1882 2752 1936 belli

479 1974 583 2025 ciet
629 1973 940 2040 provinciis
993 1973 1265 2027 Romanis
1307 1973 1584 2026 minitanb.
1641 2004 1709 2013 —
1765 1970 1966 2026 Fette
2012 1972 2188 2039 turdi,
2244 1971 2577 2027 Drosseln
2626 1970 2749 2026 oder

477 2060 1067 2131 Krammetsvogel,
1122 2060 1388 2130 gehbrten
1440 2078 1511 2115 zu
1559 2059 1665 2116 den
1716 2068 1902 2115 ersten
1948 2060 2347 2116 Leckerbissen
2395 2058 2496 2114 der
2539 2059 2743 2114 Romer.

477 2148 713 2204 Martial.
753 2148 939 2219 Epigr.
985 2153 1070 2217 13,
1111 2151 1178 2203 92
1229 2149 1390 2203 Imcr
1427 2165 1553 2203 aves
1598 2147 1820 2217 turdus,
1875 2149 1930 2202 ai
1974 2150 2099 2218 quis
2141 2161 2224 2202 me
2270 2148 2455 2202 iudice
2490 2153 2654 2203 certet
2683 2189 2695 2201 .
2730 2188 2744 2201 .

417 2221 428 2230 ’
474 2243 676 2291 mattea
703 2239 911 2305 prima.
984 2238 1104 2309 Vgl.
1141 2238 1271 2293 Hor.
1316 2237 1429 2292 Sat.
1472 2241 1531 2306 2,
1573 2241 1630 2307 5,
1675 2241 1752 2291 10.
1827 2236 2013 2307 Epist.
2064 2242 2119 2306 1,
2171 2242 2261 2307 15,
2300 2239 2385 2291 41.
2461 2234 2748 2292 Columella

477 2325 543 2380 de
581 2325 646 2380 R.
688 2325 751 2379 R.
790 2329 848 2396 8,
891 2329 957 2380 10
998 2326 1144 2381 lehrt
1192 2325 1273 2381 sie
1312 2323 1668 2394 eingefangen
1704 2331 1931 2380 masten.
1980 2358 2048 2368 —
2092 2326 2228 2395 ἕρκε’.
2320 2325 2393 2380 So
2443 2325 2622 2380 Bentl.
2665 2322 2748 2378 fur

473 2415 601 2483 ique
638 2429 736 2468 aus
774 2421 943 2483 guten
981 2412 1177 2483 Codd.,
1223 2413 1324 2469 wie
1359 2415 1566 2483 miqui,
1603 2413 1785 2469 imbri.
1838 2447 1907 2456 —
1962 2430 2011 2467 v.
2051 2417 2134 2469 73.
2177 2417 2259 2468 74.
2309 2415 2462 2469 Nam
2504 2429 2650 2483 vaqa
2684 2453 2696 2466 .
2732 2453 2747 2466 .

475 2501 625 2557 Zwei
660 2501 730 2556 im
768 2501 1075 2573 Rhythmus
1113 2503 1226 2558 und
1262 2501 1554 2558 Ausdruck
1590 2519 1727 2572 ganz
1770 2501 1990 2573 epische
2027 2502 2231 2572 Verse,
2278 2503 2379 2558 wie
2416 2521 2464 2559 v.
2505 2506 2538 2557 9
2576 2521 2626 2558 u.
2669 2504 2745 2557 10.

473 2622 543 2632 -
579 2607 626 2644 v.
668 2593 748 2645 74.
799 2593 1059 2647 Vulcano.
1133 2591 1443 2660 Quintilian.
1483 2598 1534 2663 8,
1574 2596 1622 2663 6,
1650 2597 1719 2648 24
1764 2594 1842 2650 Ut
1873 2594 2248 2648 Vulcanum
2277 2608 2391 2660 pro
2426 2595 2555 2662 ique
2588 2593 2746 2661 vulqo

474 2679 747 2760 audimus,
776 2686 842 2747 et,
869 2682 1061 2735 vario
1082 2681 1300 2744 Marte
1317 2687 1717 2752 pugnatum,
1744 2679 1992 2736 erudiam
2017 2688 2096 2736 est
2115 2698 2311 2750 sermo,
2336 2687 2391 2736 et
2411 2683 2748 2757 Venerem,

472 2785 637 2837 quam
673 2771 892 2838 coitum,
930 2769 1138 2824 dixisse
1172 2772 1354 2840 maqi&
1389 2772 1562 2824 decet:
1599 2772 1682 2825 ita
1706 2770 2023 2825 Liberum
2058 2776 2110 2824 et
2146 2769 2449 2824 Cererem
2474 2786 2588 2840 pro
2619 2770 2744 2825 vino

474 2862 524 2910 et
562 2873 713 2925 pane
755 2859 1032 2924 licentia-3,
1091 2874 1258 2927 quam
1302 2865 1364 2913 ut
1404 2860 1527 2927 fori
1571 2860 1832 2913 severitas
1873 2860 2037 2927 ferat.
2068 2872 2093 2893 ··
2121 2858 2241 2914 Wir
2285 2859 2439 2913 lesen
2485 2857 2611 2912 dort
2642 2874 2747 2928 pro

383 3000 392 3009 ,
475 2947 604 3015 ique
627 2964 758 3000 non
781 2948 944 3016 wlyo
983 2946 1100 3014 [Ρ]
1138 2946 1407 3001 audimus.
1429 2980 1498 2989 —
1539 2947 1786 3003 lambere.
1824 2947 1973 3017 Virg.
2003 2948 2136 3002 Aen.
2164 2952 2214 3017 2,
2242 2950 2346 3002 684
2372 2952 2626 3015 tacitaque
2662 2948 2745 3000 in-

475 3035 653 3088 noxia
690 3035 841 3089 molli
863 3035 1132 3088 Lambere
1151 3038 1375 3103 flamma
1402 3051 1602 3091 comas.
1648 3034 1766 3105 Vgl.
1795 3034 1920 3089 ibid.
1950 3039 2000 3103 3,
2028 3038 2144 3090 574.
2184 3069 2253 3078 —
2290 3052 2338 3090 v.
2369 3039 2451 3090 75.
2492 3034 2746 3089 Torrent.

474 3122 629 3190 Apta
665 3123 919 3191 epitheta,
959 3125 1069 3177 avi
1082 3124 1160 3177 di·
1184 3125 1457 3191 convivae,
1498 3126 1797 3179 timentes
1832 3125 1989 3179 servi.
2065 3125 2170 3180 Illi
2203 3124 2347 3179 enim
2379 3122 2656 3191 famelici,
2692 3123 2753 3176 bi

474 3210 724 3288 dominos
759 3212 938 3277 veriti,
977 3213 1125 3266 cibos
1158 3229 1277 3266 una
1314 3230 1383 3267 ex
1417 3212 1671 3267 incendio
1709 3213 2029 3282 rapiebant,
2050 3230 2176 3287 jquo
2215 3212 2503 3281 absumpto
2541 3211 2750 3266 demum

473 3299 654 3367 iqnem
692 3301 1030 3368 restinyuere
1065 3300 1402 3370 satagebant.
1458 3300 1698 3369 [Vielm.
1734 3301 1958 3356 besteht
1997 3300 2094 3356 das
2120 3300 2414 3356 Komische
2453 3300 2555 3354 der
2581 3300 2753 3354 Scene

475 3385 644 3454 dai-in,
685 3387 810 3442 dass
837 3388 969 3442 alles
1006 3389 1270 3444 leschte
1306 3389 1434 3443 und
1474 3407 1559 3443 zu
1596 3388 2067 3459 gleicherZeit
2094 3389 2389 3459 speiste,
2430 3388 2516 3443 die
2542 3388 2752 3443 Herren

473 3472 858 3547 heisshungrig
895 3475 1006 3530 und
1033 3476 1233 3547 hastig,
1273 3477 1361 3531 die
1389 3476 1625 3532 Sklaven
1662 3475 1975 3533 verstohlen
2014 3475 2127 3531 und
2163 3477 2449 3546 zaghaft.]
2486 3510 2556 3519 —
2596 3495 2643 3532 v.
2668 3480 2748 3532 77.

472 3569 649 3631 notos,
689 3563 769 3619 als
811 3564 897 3618 die
934 3564 1165 3643 Gebirge
1205 3564 1382 3619 seines
1420 3564 1867 3621 GeburtslandeS.
1934 3564 1987 3619 S.
2028 3565 2141 3619 Sat.
2171 3568 2219 3634 2,
2253 3568 2298 3634 1,
2327 3569 2395 3620 34
2420 3582 2500 3634 sq.
2567 3565 2746 3621 Schol.

475 3653 675 3721 Porph.
717 3654 1096 3721 accipiendum
1123 3655 1313 3707 melius
1349 3660 1543 3708 notos
1578 3654 1770 3722 nzibi,
1809 3671 1975 3723 quam
1999 3659 2339 3708 ostentare
2376 3654 2563 3708 mihi.
2614 3653 2757 3711 viel·

474 3741 628 3794 mehr
679 3742 875 3810 gehbrt
921 3742 1061 3795 mibi
1106 3748 1359 3811 vermbge
1408 3741 1588 3796 seiner
1633 3741 1882 3812 Stellung
1926 3761 1997 3797 zu
2042 3743 2267 3812 beiden,
2324 3758 2395 3796 zu
2436 3749 2599 3797 notos
2642 3741 2757 3797 und

474 3836 760 3885 ostentare.
798 3864 866 3872 —
904 3837 952 3883 v.
994 3834 1075 3884 78.
1115 3831 1404 3886 Atabulus.
1468 3830 1657 3885 Senec.
1699 3830 1758 3896 Q.
1790 3830 1916 3885 Nat.
1946 3835 1995 3901 5,
2027 3835 2092 3884 17
2127 3830 2405 3885 Atabulus
2444 3832 2753 3901 Anticliam

373 3944 384 3954 ·
470 3919 724 3985 infestat,
782 3918 1101 3972 Calabriam
1152 3919 1400 3988 Iapyx„
1436 3920 1688 3974 Athenas
1741 3919 1969 3987 Sciron,
2035 3919 2426 3988 Pamphyliam
2481 3918 2754 3990 Cataeyis,

472 4006 716 4075 Galliam
754 4006 982 4061 CirciuS.
1057 4007 1176 4077 Vgl.
1227 4007 1361 4061 Plin.
1400 3998 1466 4061 H.
1507 4008 1574 4062 N.
1621 4012 1717 4075 17,
1753 4010 1848 4078 36,
1888 4011 1936 4063 8.
2009 4006 2144 4061 Gell.
2186 4011 2241 4077 2,
2282 4012 2366 4062 22.
2450 4006 2567 4061 Der
2605 4008 2755 4077 jetzt

471 4102 742 4162 genannte
790 4093 1080 4150 SiroccO.
1141 4094 1213 4150 ·S.
1264 4096 1564 4166 Brydone’s
1608 4095 1772 4150 Reise
1826 4095 1997 4150 durch
2045 4094 2189 4148 Sicil.
2239 4112 2290 4149 u.
2340 4095 2515 4151 Malta
2565 4100 2610 4149 1.
2661 4096 2752 4149 Br.

472 4213 540 4224 —
581 4198 627 4234 v.
667 4184 749 4235 79.
788 4198 1111 4253 crememus,
1151 4185 1270 4238 eine
1296 4184 1862 4254 zusammenziehung
1886 4183 1985 4237 wie
2011 4198 2242 4237 surrexe
2275 4188 2319 4254 1,
2346 4188 2397 4253 9,
2426 4188 2512 4254 73,
2551 4184 2755 4239 divisae

472 4273 521 4335 2,
563 4273 613 4337 3,
658 4270 774 4338 169,
812 4274 984 4326 evasti
1019 4277 1069 4341 2,
1111 4277 1158 4339 7,
1199 4274 1283 4341 68,
1324 4273 1423 4327 wie
1460 4272 1548 4327 bei
1586 4273 1798 4327 Lucrez
1837 4287 2184 4342 consumpse,
2222 4272 2487 4328 absa-axe
2522 4279 2618 4327 etc.
2697 4271 2751 4326 S.

472 4356 651 4411 Burm.
694 4375 765 4412 zu
803 4360 1052 4430 Propert.
1112 4364 1164 4428 1,
1210 4366 1267 4429 3,
1317 4365 1399 4415 27.
1456 4394 1523 4404 -—
1582 4361 1802 4415 Trivici.
1889 4359 2067 4415 Schol.
2115 4361 2240 4416 Aer.
2302 4359 2500 4432 oppidi
2544 4361 2605 4415 in
2648 4361 2760 4430 fine
