3032 5008
1042 388 1154 446 sat„
1194 389 1269 458 11,
1308 393 1355 444 7.
1394 406 1442 444 v.
1483 392 1708 444 22-33.
2376 382 2501 442 415

356 560 699 629 Furcifer?
771 563 873 629 Ad
917 567 1002 643 te,
1048 562 1322 643 inquam.
1410 562 1554 639 Quo
1598 567 1805 643 pacto,
1849 561 2173 643 pessime?
2243 561 2501 628 Laudas

358 672 713 739 Fortunam
758 678 827 739 et
867 691 1081 739 mores
1123 672 1426 753 antiquae
1469 673 1698 754 plebis,
1745 677 1815 737 et
1856 672 2044 754 idem,

354 782 423 849 Si
469 784 613 865 quis
657 784 740 849 ad
782 782 895 849 llla
937 785 1115 851 Deus
1160 783 1377 849 subito
1422 787 1487 848 te
1533 788 1687 867 agat
1731 800 1954 864 usque,
1998 801 2280 865 recuses,

355 894 490 960 Aut
532 895 685 975 quia
726 913 853 960 non
897 894 1121 975 sentis,
1167 892 1342 975 quod
1387 893 1624 960 clamas
1665 894 1909 962 rectius
1954 912 2116 976 esse,
2418 899 2494 956 25

356 1004 491 1070 Ant
534 1005 686 1085 quia
729 1024 856 1071 non
897 1002 1121 1071 firmus
1162 1008 1409 1070 rectum
1454 1003 1768 1085 defendis,
1812 1009 1882 1071 et
1922 1005 2152 1072 haeres

357 1115 798 1196 Nequicquam
846 1132 1043 1182 coeno
1089 1115 1358 1196 cupiens
1403 1115 1683 1181 evellere
1725 1118 2031 1197 plantam.

354 1226 595 1292 Romae
638 1245 752 1292 rus
797 1231 1005 1308 optas,
1049 1225 1379 1292 absentem
1425 1226 1706 1293 rusticus
1751 1225 1994 1292 Urbem

352 1337 552 1404 Tollis
596 1338 679 1402 ad
723 1342 902 1402 astra
944 1336 1122 1403 levis.
1211 1336 1280 1402 Si
1322 1355 1635 1418 nusquam
1681 1355 1752 1402 es
1796 1335 1965 1402 forte
2009 1341 2275 1403 vocatus

350 1449 451 1515 Ad
496 1467 776 1530 coenam,
820 1447 1045 1514 laudas
1091 1466 1390 1513 securum
1435 1447 1576 1513 olus
1621 1467 1715 1529 ac,
1759 1449 1938 1513 velut
1981 1466 2251 1531 usquam
2418 1455 2494 1511 30

351 1558 637 1626 Vinctus·
669 1578 799 1639 eae,
836 1559 929 1625 ita
973 1563 1039 1624 te
1080 1556 1331 1624 felicem
1378 1557 1557 1639 dicis,
1603 1578 1927 1641 amasque,

354 1670 542 1748 Quod
585 1688 895 1752 nusquam
940 1670 1055 1735 tibi
1099 1670 1186 1735 sit
1228 1670 1609 1750 potandum3
1654 1660 1918 1737 iusserit
1960 1671 2043 1735 ad
2088 1689 2159 1735 se
2191 1714 2216 1745 „

305 1822 311 1826 »
348 1779 688 1847 Maecenas
734 1798 949 1847 serum
994 1779 1113 1845 sub
1159 1779 1397 1845 lumina
1436 1780 1646 1861 prima
1687 1781 1908 1846 venire

212 2018 475 2086 aoeubes,
534 2020 743 2075 Ferreo
789 2035 889 2089 eqo
932 2019 1071 2074 dico.
1153 2018 1439 2088 Aristoph.
1484 2021 1631 2075 Plut.
1678 2022 1782 2075 433
1829 2018 1958 2088 σφώ
2001 2017 2214 2087 ποιήσω
2258 2018 2500 2093 τήμερον

208 2110 419 2163 δοῦναι
455 2109 632 2176 δίκην.
695 2111 799 2163 947
834 2110 1032 2162 τοῦτον
1067 2105 1162 2162 τὸν
1195 2106 1423 2179 ἰσχυρὸν
1456 2104 1599 2162 θεὸν
1634 2106 1744 2177 ἐγώ
1781 2101 1991 2175 ποιήσω
2028 2103 2266 2181 τήμερον
2298 2111 2499 2164 δοῦναι

210 2197 411 2264 δίκην,
449 2212 533 2252 wo
572 2196 762 2265 hodie,
799 2191 1058 2271 τήμερον,
1096 2196 1304 2250 heute
1341 2195 1539 2264 noch,
1580 2210 1736 2250 wenn
1770 2210 1894 2249 man
1931 2210 1991 2249 es
2029 2196 2171 2251 auch
2206 2194 2499 2266 cigentlich

209 2286 453 2340 nehmen
488 2286 660 2355 kann,
709 2283 850 2340 doch
884 2283 972 2338 ἰὼ·
1006 2299 1167 2352 mose,
1204 2285 1356 2338 ocius
1392 2284 1561 2340 steht.
1601 2315 1670 2326 --
1697 2282 1918 2353 putida.
1995 2282 2175 2339 Schol.
2215 2283 2374 2354 Cruq.
2412 2302 2495 2340 ve·

210 2378 386 2441 msto,
423 2375 633 2441 inepta,
673 2372 868 2428 odiosa
901 2372 1083 2439 [oder
1118 2374 1371 2439 otio-sad.
1409 2372 1473 2427 In
1503 2371 1739 2441 putidus
1774 2371 1927 2441 liegt,
1966 2371 2067 2426 wie
2103 2372 2158 2425 in
2197 2372 2319 2428 dem
2356 2389 2496 2441 ganz

209 2462 359 2517 eben
386 2477 448 2518 so
475 2461 845 2531 gebrauchten
868 2460 1069 2531 griech.
1109 2458 1388 2535 φορτικὸς,
1426 2461 1524 2517 der
1559 2457 1769 2531 Begriff
1799 2458 1898 2516 des
1922 2458 2281 2531 Kleinlichen,
2319 2461 2500 2531 Lang-

206 2550 488 2620 weiligen,
544 2549 959 2605 Pedantischen.
1008 2583 1079 2594 -
1130 2565 1179 2602 v.
1221 2552 1305 2603 22.
1362 2550 1641 2616 Furcifer.
1718 2549 1771 2602 S.
1821 2566 1893 2603 zu
1936 2565 1985 2602 v.
2023 2552 2112 2604 66,
2145 2583 2213 2593 —-
2262 2551 2500 2606 Laudas

204 2640 531 2694 Fortunam
565 2645 618 2694 et
650 2654 784 2694 mor.
858 2639 978 2709 Vgl.
1015 2638 1129 2694 Sat.
1167 2642 1216 2706 2,
1255 2641 1305 2706 2,
1345 2641 1414 2694 89
1451 2654 1568 2706 sqq.
1641 2638 1755 2703 [-
1790 2653 1839 2691 v.
1867 2640 1950 2691 24.
1989 2652 2158 2706 usque
2194 2638 2390 2708 gehbrt
2426 2655 2500 2694 zu

204 2727 292 2782 ad
326 2729 425 2782 illa
460 2725 561 2782 wie
602 2732 663 2797 1,
700 2732 759 2796 2,
798 2729 867 2781 26
901 2730 1110 2799 inguen
1145 2726 1233 2781 ad
1266 2726 1586 2781 obscoenum
1621 2725 1902 2780 subductis
1938 2740 2178 2795 usqum
2215 2726 2312 2782 mit
2348 2742 2497 2781 recu-

202 2830 296 2870 m
331 2814 645 2870 verbunden
683 2821 828 2870 ware
866 2830 926 2870 es
965 2814 1086 2870 01110
1122 2823 1294 2872 matte
1331 2813 1617 2870 Intension
1651 2821 1791 2869 statt
1821 2815 2074 2881 fortiter,
2112 2817 2489 2882 constanter-‚1

203 2936 279 2946 -
317 2920 365 2957 v.
407 2907 489 2958 25.
546 2905 665 2958 Aut
717 2904 851 2973 quia
902 2919 1019 2958 non
1062 2905 1245 2958 sentis.
1319 2903 1489 2958 Voss:
1543 2902 1715 2957 Weil
1770 2902 1853 2957 du
1910 2901 2251 2958 entweder
2302 2903 2493 2959 nicht

202 2990 456 3060 fnhlst,
512 3005 647 3046 was
704 2990 820 3045 der
856 2991 1056 3047 Mnnd
1111 2992 1208 3047 als
1262 2991 1588 3046 besseres
1644 2991 2057 3047 ausschreit.
2131 2991 2265 3045 Non
2320 2992 2489 3046 sentis

203 3079 385 3135 heisst
422 3078 568 3147 hier,
608 3078 692 3134 du
729 3080 973 3135 meinst
1009 3080 1200 3135 nicht
1237 3079 1573 3148 wirklich,
1612 3080 1850 3151 spriehst
1888 3079 2038 3135 nicht
2075 3096 2144 3135 em
2169 3080 2489 3136 0111311ἰοοπ-

202 3157 395 3223 tentia.
458 3167 561 3222 Die
584 3167 779 3223 Worte
813 3170 1018 3223 rectius
1052 3183 1164 3223 esse
1199 3168 1416 3238 haugen
1454 3169 1591 3222 eben
1632 3185 1694 3224 so
1733 3168 1876 3223 wohl
1912 3184 2018 3223 von
2053 3170 2222 3222 sentis
2258 3168 2339 3223 als
2381 3184 2488 3223 von

203 3258 418 3312 clamas
467 3256 550 3310 ab.
589 3287 659 3298 —
696 3271 745 3310 v,
785 3260 870 3312 28.
924 3258 1134 3314 Romae
1180 3272 1283 3311 rus
1318 3262 1492 3325 optas.
1570 3256 1747 3310 Schol.
1787 3255 1986 3325 Porph.
2037 3256 2108 3310 Ut
2141 3257 2202 3309 in
2238 3256 2492 3325 epistola-

203 3361 336 3399 rum
363 3346 553 3413 primo
592 3343 833 3414 (8,12)‚
890 3344 1098 3400 Romae
1148 3346 1319 3400 Tibur
1355 3359 1530 3398 amem
1562 3349 1844 3410 ventosus,
1898 3343 2098 3397 Tibure
2133 3344 2386 3398 Romam.
2424 3377 2492 3387 —

200 3435 469 3500 maffeus,
506 3434 651 3499 ruri,
688 3431 1221 3488 wiedomesuousf.
1261 3432 1498 3501 aemil,
1527 3433 1578 3500 6,
1622 3435 1930 3487 128.—.v
1944 3435 2029 3485 30.
2067 3433 2488 3487 secwrumolus.

204 3521 391 3576 Schol.
431 3520 589 3588 Cruq.
639 3535 865 3576 coenam
909 3522 1175 3578 rusticam
1209 3527 1262 3575 et
1296 3527 1534 3588 tenum,
1583 3519 1853 3587 dicisque,
1899 3519 2046 3573 nihil
2088 3534 2199 3573 esse
2240 3522 2491 3574 securius

199 3626 373 3680 quam
417 3607 697 3678 prandere
744 3608 907 3664 domi.
982 3609 1102 3678 vgl.
1144 3610 1257 3666 Sat.
1301 3616 1362 3679 1,
1412 3613 1470 3678 6,
1511 3613 1629 3664 115.
1701 3611 1760 3677 2,
1799 3611 1864 3676 2,
1907 3611 2022 3661 117.
2097 3610 2156 3673 2,
2193 3609 2257 3674 6,
2296 3608 2379 3660 63.
2418 3638 2488 3649 —

198 3715 251 3753 v.
278 3701 364 3752 31.
405 3703 455 3752 te
490 3738 504 3752 .
543 3737 555 3751 .
594 3713 872 3767 ama-sque,
931 3697 986 3751 S.
1026 3715 1097 3753 zu
1143 3703 1187 3767 1,
1227 3704 1275 3766 2,
1317 3700 1400 3754 54.
1474 3696 1821 3752 Wunderbar
1856 3695 1929 3751 ist
1966 3693 2086 3750 hier
2124 3692 2223 3747 der
2259 3692 2482 3748 Zweifel

200 3784 464 3840 Lambins
496 3785 631 3840 uber
665 3785 755 3840 die
779 3785 1107 3856 Bedeutung
1140 3787 1255 3842 und
1280 3786 1636 3856 Verbindung
1670 3785 1850 3841 dieses
1889 3799 2156 3860 ama-33—
2191 3798 2240 3835 v.
2267 3785 2351 3836 32.
2379 3798 2484 3849 po-

204 3874 457 3929 tandum.
513 3873 693 3929 801101.
728 3874 1081 3944 epulandum.
1158 3875 1279 3929 Wie
1316 3874 1389 3928 im
1424 3874 1638 3930 Griech.
1677 3869 1993 3944 συμπόσιον
2028 3887 2152 3926 vom
2187 3869 2487 3940 Gastmahl,

200 3962 324 4018 weil
360 3978 487 4018 man
524 3962 621 4018 das
650 3963 894 4031 Trinken
929 3964 1066 4019 nach
1094 3963 1215 4019 dem
1240 3964 1420 4020 Essen
1456 3961 1545 4016 ftu-
1582 3961 1688 4017 den
1725 3960 2052 4031 Haupttheil
2090 3957 2186 4013 des
2227 3957 2478 4013 8011111011-

200 4067 296 4106 ses
335 4050 523 4106 amah.
552 4083 620 4094 —-
656 4067 705 4107 v.
734 4055 817 4107 33.
853 4052 955 4106 sub
980 4052 1193 4108 lumina
1220 4053 1429 4121 prima.
1468 4050 1720 4108 Kammt
1757 4052 1900 4106 eine
1940 4047 2179 4103 Einlad
2197 4063 2325 4117 ung
2361 4063 2488 4102 von

198 4139 436 4195 Macen
463 4144 620 4208 spat
646 4139 767 4196 des
792 4139 1100 4209 Abends,
1138 4153 1321 4194 wenn
1360 4138 1565 4196 sehon
1600 4135 1795 4190 Licht
1833 4135 2275 4205 angezundet
2311 4135 2488 4191 wird.

202 4225 384 4282 Schol.
424 4227 549 4282 Aer.
588 4229 785 4295 prima
828 4230 1039 4284 lumina
1087 4227 1346 4282 dicumr
1390 4227 1556 4282 0·πίῆο
1589 4227 1767 4280 noctis
1801 4239 2048 4282 accensa.
2126 4223 2305 4293 Epist.
2345 4227 2396 4293 2,
2435 4229 2487 4295 2,

194 4318 265 4373 98
302 4315 385 4371 ad
417 4317 632 4371 luvana
662 4317 886 4386 Μυκη,
923 4316 1127 4372 welche
1163 4315 1287 4370 Zeit
1314 4316 1511 4383 prima
1540 4316 1650 4382 fax
1684 4314 1861 4382 hiess,
1897 4312 2140 4369 Macrob.
2189 4312 2301 4368 Sat..
2348 4317 2392 4383 l,
2429 4317 2479 4374 3.
