3032 5008
1091 409 1206 467 Sat.
1242 409 1287 479 1,
1331 415 1375 466 1.
1412 427 1460 464 v.
1505 412 1724 465 15-23.
2503 398 2543 460 9

401 583 544 662 Quo
586 602 724 651 rem
770 584 1101 651 deducam.
1190 585 1257 651 Si
1302 586 1446 667 quis
1489 584 1670 665 deus,
1715 583 1816 649 En
1861 600 2001 664 ego,
2046 581 2236 664 dicat,
2463 584 2537 641 15

400 680 536 760 Ian]
580 695 811 762 faciam
857 694 1029 777 quod
1071 697 1295 762 voltis:
1342 696 1469 762 eris
1512 699 1606 775 tu,
1652 694 1761 777 qui
1803 694 1990 759 modo
2036 694 2239 775 mileS‚

404 803 756 873 Mercator:
803 813 876 872 tu
920 807 1248 874 consultus
1291 806 1481 873 modo
1525 806 1837 872 rusticus:
1882 805 2030 871 hinc
2073 822 2206 885 vos,

398 917 529 983 Vos
573 918 723 984 hinc
765 919 1031 985 mutatis
1075 920 1386 985 discedite
1431 917 1745 1000 partibus»,
1791 916 1918 997 eia3

400 1028 567 1106 Quid
613 1030 846 1097 statis?
890 1029 1112 1097 nolint.
1200 1030 1398 1112 Atqui
1441 1029 1596 1095 licet
1638 1045 1781 1093 esse
1824 1026 2049 1094 beatis.

395 1139 563 1217 Quid
609 1157 842 1206 causae
887 1146 1004 1222 est,
1051 1141 1283 1207 merito
1329 1140 1483 1222 quin
1521 1139 1647 1204 illis
1687 1138 1981 1220 Iuppiter
2024 1138 2244 1204 ambas
2452 1141 2531 1198 20

397 1249 615 1316 Iratus
658 1251 893 1318 buccas
936 1251 1115 1317 inflet
1158 1269 1365 1334 neque
1411 1269 1482 1317 se
1527 1249 1665 1315 fore
1708 1250 1975 1332 posthac

394 1362 553 1428 Tam
600 1360 851 1429 facilem
895 1363 1085 1444 dicat,
1130 1362 1294 1428 votis
1341 1368 1414 1428 ut
1455 1363 1770 1444 praebeat
1811 1363 2082 1428 aurem?

398 1474 754 1540 Praeterea
795 1493 878 1540 ne
923 1475 1032 1555 sic,
1078 1477 1153 1540 ut
1195 1475 1306 1555 qui
1348 1473 1676 1554 iocularia,
1717 1474 1934 1540 ridens

272 1606 355 1660 die
393 1608 536 1662 ohne
574 1606 796 1662 Zweifel
845 1624 944 1663 aus
998 1609 1103 1663 den
1146 1610 1202 1662 in
1259 1609 1364 1663 den
1411 1607 1667 1663 Scholien
1714 1606 1858 1662 oster
1905 1608 2219 1683 egwahnten
2264 1609 2426 1665 libris
2472 1608 2539 1663 de

269 1698 521 1764 personis
558 1696 899 1750 Horatianie
935 1696 1206 1765 geflossen
1242 1696 1356 1751 ist?
1402 1694 1871 1751 Wahrscheinlich
1893 1695 2014 1750 hier
2039 1696 2287 1751 derselbe
2313 1696 2535 1767 Fabius,

270 1783 365 1838 der
402 1783 519 1838 Sat.
569 1788 615 1852 1,
654 1788 701 1837 2.
737 1791 875 1838 extr.
915 1783 1012 1839 mit
1039 1785 1160 1839 dem
1185 1786 1477 1840 bittersten
1505 1783 1672 1854 Spott
1697 1791 1935 1854 genennt
1960 1783 2108 1838 wird.
2135 1818 2202 1828 —
2240 1787 2536 1855 loquacem,

267 1872 319 1925 in
358 1870 549 1927 seinen
585 1872 945 1927 moralischen
993 1872 1280 1928 Schriften.
1322 1906 1389 1916 —
1425 1889 1473 1927 v.
1519 1874 1596 1928 15.
1650 1873 1771 1943 Quo
1820 1889 1936 1928 rem
1981 1872 2276 1941 deducam,
2321 1873 2537 1929 wohin

264 1960 371 2015 ich
406 1976 504 2014 am
542 1960 731 2015 Ende
767 1962 1065 2016 kommen
1111 1960 1263 2016 will.
1339 1960 1443 2015 Cic.
1482 1960 1539 2014 in
1577 1959 1730 2014 Catil.
1769 1964 1919 2029 2,’2.
1972 1963 2110 2017 Rem
2155 1963 2263 2016 hue
2308 1962 2534 2030 deduxi,

266 2055 324 2103 ut
358 2054 477 2102 tum
505 2050 697 2118 palam
730 2066 992 2119 pugna-re
1020 2053 1284 2119 possetis,
1324 2067 1447 2104 cum
1482 2051 1692 2117 hostem
1724 2056 1913 2121 aperte
1945 2050 2217 2104 videretis.
2289 2050 2410 2120 Vgl.
2461 2050 2533 2105 id.

263 2154 363 2207 pro
402 2136 570 2192 Rosc.
619 2137 762 2191 Com.
819 2141 896 2192 12.
978 2137 1216 2194 Gesners
1263 2139 1603 2208 Erklurung‚
1658 2138 1739 2193 ad
1783 2156 1940 2208 quem
1981 2141 2145 2206 finem
2192 2141 2537 2209 querelarum

265 2242 495 2280 satarum
535 2227 783 2281 homines
816 2228 944 2282 illos
979 2232 1397 2301 μεμψιμοίρους
1433 2226 1726 2293 deducam,
1764 2228 1896 2295 geht
1932 2227 2066 2281 eben
2105 2243 2167 2282 so
2212 2226 2390 2296 wenig
2433 2243 2534 2281 aus

265 2314 454 2369 diesen
490 2314 724 2370 Worten
761 2316 985 2385 hervor,
1024 2316 1104 2371 als
1144 2316 1230 2370 die
1266 2315 1321 2369 in
1360 2315 1465 2368 den
1505 2314 1683 2368 Schol.
1725 2314 1882 2383 Grnq.
1933 2315 2011 2368 ad
2056 2331 2223 2385 quam
2270 2317 2537 2369 maiorem

264 2405 704 2457 inconstantiam
739 2409 791 2458 et
823 2405 1108 2459 insaniam
1154 2420 1245 2458 eos
1290 2403 1570 2457 deducam.
1620 2434 1688 2444 --
1735 2404 1831 2457 En
1875 2419 2001 2472 eqo,
2052 2402 2209 2458 hier
2254 2403 2366 2457 bin
2412 2403 2533 2458 ich.

266 2489 365 2547 Cic.
407 2509 511 2562 pro
552 2491 732 2547 Deiot.
772 2494 820 2546 6.
874 2494 969 2548 Eu
1006 2494 1241 2561 crimen,
1291 2510 1355 2548 eu
1395 2509 1599 2560 causa,
1650 2507 1752 2546 cur
1787 2509 1968 2563 regem
1997 2493 2271 2562 fufitivus
2305 2497 2535 2556 accuset.

263 2612 328 2622 —-
364 2597 414 2634 v.
461 2581 542 2634 16.
584 2582 726 2648 Iam,
765 2584 858 2634 καὶ
894 2580 981 2652 δὴ,
1022 2580 1606 2651 augenblicklich,
1639 2583 1823 2650 jetzt
1860 2581 2102 2652 gleich.
2178 2582 2273 2650 [1,
2310 2584 2361 2648 8,
2402 2584 2530 2650 33.]

263 2700 326 2710 -
361 2670 493 2722 erin.
586 2668 765 2723 Schol.
822 2675 946 2724 esto,
1006 2704 1073 2712 —-
1127 2687 1175 2724 v.
1229 2675 1306 2724 17.
1363 2675 1423 2723 tu
1471 2672 1753 2724 consultus
1800 2669 1959 2724 modo
2008 2670 2264 2724 rusticus.
2352 2669 2530 2724 Schol.

262 2757 460 2826 Porph.
500 2758 809 2827 Eleyanter
842 2759 1099 2826 affectata
1136 2760 1483 2828 ambiyuitas.
1558 2761 1710 2814 Nam
1732 2775 1856 2812 cum
1882 2758 2252 2828 praedixerit,
2292 2774 2328 2812 a
2365 2759 2535 2813 nn'lite

261 2846 587 2900 mereatoris
622 2851 821 2899 sortem
856 2846 1086 2901 laudari
1131 2853 1184 2900 et
1218 2863 1253 2900 a
1292 2854 1593 2901 mercatore
1640 2849 1858 2914 militie,
1908 2848 2035 2900 item
2079 2863 2116 2900 a
2161 2848 2309 2901 iuris
2347 2849 2532 2916 perito

264 2935 467 2987 manici
499 2938 554 2988 et
587 2933 659 2986 ab
695 2934 798 2987 hoc
831 2933 1000 2988 illud:
1053 2935 1138 2989 ita
1182 2935 1472 2990 subiunxit
1519 2935 1837 3002 dictionm,
1886 2941 1950 2989 ut
1984 2937 2161 2990 cuivis
2196 2935 2427 2990 liberum
2461 2937 2534 2990 eit

262 3023 319 3074 in
356 3037 547 3076 omnes
574 3037 849 3091 personas
878 3033 1101 3076 ‘sensum
1145 3023 1418 3078 reducere.
1502 3023 1665 3077 modo
1716 3022 1970 3078 schliesst
2018 3024 2133 3078 sich
2173 3025 2237 3093 jz
2281 3030 2532 3093 vermoge

259 3108 353 3163 der
392 3109 645 3179 Stellung
680 3110 793 3164 und
830 3111 926 3165 des
964 3111 1233 3166 Metrums
1290 3128 1360 3166 an
1397 3114 1711 3179 consultu-3,-
1764 3113 1905 3167 auch
1949 3113 2106 3168 hatte
2154 3113 2335 3168 dieser
2380 3128 2427 3166 v.
2478 3115 2527 3168 8.

260 3197 362 3251 den
397 3197 721 3252 Landmann
759 3198 1024 3268 glucklich
1063 3199 1376 3271 gepriesen,
1435 3198 1534 3254 der
1581 3198 1900 3254 Landmann
1948 3201 2053 3255 den
2106 3200 2332 3257 Stadter
2372 3200 2530 3255 fiber-

260 3286 448 3355 haupt.
487 3319 556 3328 —
594 3301 643 3339 v.
688 3290 766 3341 18.
806 3289 908 3341 eia.
984 3288 1175 3357 Nicht,
1214 3287 1318 3356 Ei,
1358 3304 1488 3343 was
1528 3289 1721 3343 steht
1757 3289 1907 3343 ihr?
1980 3290 2090 3346 Das
2144 3288 2530 3345 ermunternde

256 3376 341 3428 eia
379 3375 578 3444 gehort
617 3375 758 3429 noch
798 3392 867 3429 zu
907 3376 1028 3430 dem
1066 3375 1581 3446 Vorhergehenden.
1656 3376 1805 3446 Virg.
1845 3379 1978 3432 Aen.
2018 3380 2068 3448 9,
2108 3381 2189 3433 37.
2242 3378 2367 3432 date
2404 3378 2528 3446 tela,

255 3461 505 3516 scandite
542 3478 745 3531 murce,
784 3465 959 3519 hostis
995 3464 1167 3530 adest,
1206 3468 1330 3519 eia!
1400 3464 1521 3534 Vgl.
1564 3464 1676 3521 Sat.
1715 3470 1764 3534 2,
1806 3468 1856 3534 6,
1894 3470 1978 3522 23.
2017 3502 2085 3510 —
2121 3483 2168 3520 v.
2215 3470 2292 3522 19.
2328 3471 2529 3525 nolint.

256 3550 365 3604 Der
400 3551 695 3605 Nachsatz.
722 3569 791 3606 zu
841 3552 908 3606 Si
951 3555 1079 3622 quis
1123 3552 1257 3608 deus
1302 3558 1395 3607 etc.
1478 3552 1635 3608 Liest
1683 3569 1807 3608 man
1854 3557 2076 3623 nolunt,
2135 3571 2198 3611 so
2248 3555 2385 3611 fehlt
2433 3559 2530 3615 der

254 3639 562 3708 Nachsatz,
615 3640 727 3694 und
771 3641 872 3695 wie
920 3643 1184 3696 nachtern
1229 3648 1373 3697 witre
1417 3641 1540 3697 hier
1576 3642 1662 3697 die
1698 3642 2043 3712 Bemerkung
2077 3643 2148 3697 im
2185 3645 2392 3700 Munde
2430 3647 2528 3703 des

254 3727 453 3783 Gottes
493 3729 684 3797 selbst,
724 3730 935 3784 nolunt.
1010 3731 1189 3799 Atqui
1223 3731 1345 3784 licet
1380 3737 1493 3784 esse
1531 3730 1718 3786 beatis.
1757 3765 1824 3773 —
1860 3732 2049 3786 beatis,
2104 3731 2217 3786 Der
2252 3733 2526 3790 bekannte

254 3817 394 3871 auch
430 3816 489 3870 in
528 3817 627 3871 der
660 3823 790 3871 rom.
832 3817 1006 3873 Prosa
1042 3818 1253 3873 fibliche
1298 3818 1611 3874 Gracismus
1658 3827 1796 3878 statt
1844 3821 2056 3887 beatos,
2107 3836 2216 3875 was
2267 3821 2527 3877 ebenfalls

254 3905 660 3975 sprachmfissig
694 3912 853 3960 ware.
930 3905 1034 3960 Cic.
1074 3925 1176 3977 pro
1214 3907 1383 3963 Balbo
1428 3910 1504 3961 12.
1558 3907 1681 3963 C'ivi
1729 3908 1985 3962 Romano
2036 3909 2162 3962 licet
2204 3924 2315 3962 esee
2353 3909 2525 3965 Gadi-

250 4000 457 4048 tanum.
537 3991 593 4047 S.
633 3994 835 4056 Duker.
876 4011 945 4048 zu
983 3995 1100 4049 Liv.
1142 3998 1235 4063 42,
1275 3997 1357 4050 36.
1408 4028 1475 4038 -
1523 4011 1570 4048 v.
1612 3999 1695 4049 20.
1745 3995 1938 4050 ambas
1985 3996 2186 4050 buccas
2231 3997 2346 4062 inti.
2427 3995 2528 4052 Be·

250 4082 684 4136 merkenswerth
718 4081 886 4138 bleibt
924 4097 1001 4151 ee,
1042 4083 1168 4139 dass
1209 4083 1306 4137 der
1341 4083 1460 4137 hier
1495 4083 1841 4139 scherzhafte
1873 4082 2167 4137 Ausdruck
2201 4099 2325 4138 vom
2350 4084 2526 4140 Zorn

250 4169 334 4224 bei
372 4170 660 4225 Demostlz
701 4170 769 4223 de
806 4170 867 4225 F.
908 4171 1040 4241 Leg.
1082 4189 1134 4241 p.
1186 4174 1303 4226 442.
1356 4170 1542 4225 Reisk.
1594 4185 1700 4226 von
1747 4170 1942 4225 der.H
1954 4171 2060 4225 off
2067 4178 2176 4227 art
2225 4173 2525 4243 gebraucht

250 4258 405 4324 vird,
444 4258 549 4312 διὰν
578 4261 674 4324 τῆς
711 4256 925 4330 ἀγορᾶς
956 4257 1247 4330 πορεύεται
1285 4257 1589 4330 θοιμάτιον
1624 4261 1816 4319 καθεὶς
1853 4253 1978 4329 ἄχρι
2015 4265 2126 4313 τῶν
2162 4265 2397 4336 σφυρῶν
2433 4268 2524 4317 ἴσα

251 4347 457 4414 βαίνων
493 4350 792 4418 Πυθοκλεῖ,
830 4346 924 4409 τὰς
956 4344 1203 4419 γνάθους
1239 4353 1455 4421 φυσῶν.
1497 4382 1565 4393 -
1603 4366 1650 4404 v·
1678 4354 1761 4406 23.
1803 4348 2118 4418 Praeterea,
2161 4351 2522 4424 fibrigenS‚
